2692 4350
486 1143 516 1203 C.
532 1089 713 1203 leLvsTl
737 1139 857 1203 cnlsrl

328 1295 406 1367 nu
442 1293 618 1366 nunno
653 1290 997 1366 rucunrunlo

617 1475 719 1530 LIBER.
766 1468 776 1479 ²

217 1648 301 1710 Falso
318 1649 452 1727 queritur
464 1648 499 1709 de
517 1655 621 1708 natura
636 1666 689 1708 sua
704 1665 798 1726 genus
813 1647 990 1718 humanum,
1014 1644 1094 1726 quod
1117 1644 1201 1705 inbe-
1218 1652 1236 1705 1

134 1735 298 1812 cillaatque
320 1734 381 1794 aevi
396 1733 493 1795 brevis
506 1733 583 1792 forte
605 1731 704 1811 potius
726 1750 814 1810 quam
831 1732 938 1793 virtute
959 1738 1087 1810 regatur.
1132 1741 1232 1791 namt

133 1827 235 1880 contra
257 1819 421 1898 reputando
445 1835 543 1896 neque
561 1817 655 1877 maius
676 1816 754 1877 aliud
775 1834 873 1894 neque
894 1815 1097 1896 praestabilius
1119 1814 1200 1875 inve-

133 1903 196 1964 nias
219 1903 370 1981 magisque
400 1910 519 1963 naturae
549 1899 723 1961 industriam
756 1901 911 1967 hominum
944 1919 1032 1980 quam
1059 1901 1117 1960 vim
1150 1906 1200 1960 aut

96 2001 111 2049 5
133 1995 250 2066 tempus
273 1988 383 2049 deesse.
428 1986 480 2046 sed
496 1985 554 2045 dux
576 1992 661 2064 atque
677 1985 836 2065 imperator
858 1986 932 2046 vitae
947 1985 1114 2047 mortalium
1136 1985 1199 2045 ani·
1217 1995 1232 2045 3

134 2091 199 2132 mus
216 2079 268 2132 est.
299 2071 350 2151 qui
373 2070 422 2131 ubi
438 2071 473 2132 ad
489 2070 611 2149 gloriam
626 2069 799 2131 virtutisne
815 2078 981 2149 grassatur,
1002 2069 1119 2132 abunde
1134 2069 1199 2148 pol-

134 2157 198 2218 lens
214 2165 380 2236 potensque
395 2163 424 2216 et
445 2155 541 2216 clarus
556 2163 600 2216 est
622 2174 719 2234 neque
734 2148 852 2218 lortuna
869 2164 948 2233 eget,
971 2156 1083 2235 quippe
1098 2153 1200 2234 probi·

133 2249 221 2302 tatem
236 2241 410 2302 industriam
431 2240 559 2318 aliasque
575 2239 644 2302 artis
665 2240 758 2315 bonas
774 2258 871 2320 neque
887 2240 955 2301 dare
970 2258 1068 2320 neque
1084 2240 1199 2318 eripere

135 2327 270 2406 cuiquam
283 2332 389 2406 potest.
416 2325 462 2386 sin
478 2332 581 2404 captus
595 2325 690 2406 pravis
707 2325 894 2405 cupidinibus
909 2325 944 2386 ad
960 2325 1094 2387 inertiam
1110 2332 1139 2385 et
1149 2342 1200 2383 vo·
1216 2335 1232 2385 1

84 2425 114 2475 1ο
134 2413 260 2491 luptates
276 2410 410 2491 eorporis
421 2427 541 2491 pessum
557 2411 641 2472 datus
657 2418 710 2484 est,
726 2410 893 2490 perniciosa
907 2410 1038 2471 lubidine
1049 2409 1200 2490 paulisper

133 2516 214 2571 usus,
231 2496 281 2558 ubi
296 2514 351 2577 per
365 2494 530 2571 socordiam
544 2495 620 2557 vires
635 2502 752 2574 tempus
765 2495 919 2574 ingenium
935 2495 1097 2572 diffluxere,
1113 2505 1199 2557 natu-

132 2601 181 2642 rae
196 2582 350 2643 infirmitas
373 2587 541 2640 accusatur:
565 2598 647 2641 suam
669 2580 794 2659 quisque
808 2581 925 2660 culpam
940 2589 1076 2642 auctores
1097 2581 1131 2642 ad
1147 2600 1200 2641 ne-

134 2665 212 2743 gotia
226 2668 417 2727 transierunt.
454 2664 560 2742 quodsi
574 2664 744 2726 hominibus
756 2664 902 2726 bonarum
917 2683 1017 2726 rerum
1036 2673 1114 2729 tanta
1131 2682 1200 2724 eura
1217 2675 1232 2724 5

135 2758 227 2824 esset,
249 2761 359 2829 quanto
376 2749 473 2810 studio
496 2749 589 2809 aliena
611 2767 646 2809 ao
668 2748 741 2809 nihil
763 2749 918 2828 profutura
939 2750 1090 2828 multaque
1113 2749 1200 2809 etiam

84 2846 113 2897 15
134 2834 298 2913 periculosa
315 2842 430 2915 petunt,
454 2851 552 2912 neque
567 2842 741 2912 regerentur
755 2833 847 2912 magis
863 2851 951 2912 quam
967 2842 1103 2911 regerent
1115 2851 1200 2892 casus

135 2928 164 2978 et
178 2936 212 2978 eo
224 2919 433 2997 magnitudinis
445 2917 650 2997 procederent,
667 2917 715 2977 ubi
729 2935 783 2996 pro
795 2917 969 2979 mortalibus
985 2916 1076 2996 gloria
1088 2916 1199 2978 aeterni
1256 2957 1257 2960 κ

133 3004 245 3066 fierent.
290 3022 357 3064 nam
378 3004 420 3064 uti
445 3019 539 3082 genus
561 3001 715 3063 hominum
737 3003 926 3081 conpositum
955 3022 990 3063 ex
1012 3019 1137 3082 corpore
1171 3005 1261 3082 eta⁴

133 3087 229 3149 anima
245 3096 304 3159 est,
326 3088 365 3148 ita
380 3106 427 3149 res
443 3097 566 3150 cunctae
582 3087 737 3165 studiaque
753 3085 850 3148 omnia
872 3096 971 3150 nostra
994 3086 1129 3166 corporis
1144 3085 1198 3147 alia
1215 3087 1217 3090 ⁴

133 3173 187 3233 alia
203 3172 292 3233 animi
308 3179 440 3233 naturam
455 3181 607 3235 secuntur.
634 3172 725 3250 igitur
740 3173 888 3252 praeclara
902 3174 1001 3247 facies,
1016 3189 1139 3251 magnae
1154 3171 1199 3231 di·
1216 3181 1232 3231 1

81 3268 113 3320 20
133 3258 227 3328 vitiae,
244 3257 279 3318 ad
297 3257 355 3317 hoc
369 3257 412 3316 vis
427 3258 560 3338 corporis
582 3266 611 3320 et
624 3257 678 3319 alia
695 3257 793 3319 omnia
806 3257 1010 3320 huiuscemodi
1025 3257 1107 3318 brevi
1129 3256 1200 3317 dila·

201 3444 215 3491 'l
235 3441 330 3507 quippe
348 3437 397 3504 PC,
416 3440 510 3507 quippe
528 3455 593 3507 quae
612 3439 639 3504 0,
657 3440 754 3492 Donat.
772 3443 802 3489 in
823 3439 881 3491 Ter.
893 3440 963 3491 Eun.
975 3440 1026 3492 241
1040 3439 1049 3506 ΙΙ
1064 3443 1093 3492 10
1112 3452 1201 3505 perne-

133 3508 202 3560 ciosa
220 3524 254 3558 eac
272 3507 415 3574 perniciosa
433 3508 484 3567 (aie
499 3510 616 3574 caepim)
628 3509 652 3560 P
662 3508 672 3572 ΙΙ
686 3510 716 3559 12
735 3507 843 3576 quisque
857 3506 883 3573 0,
901 3509 997 3575 quique
1008 3507 1052 3559 PC
1061 3508 1070 3572 ll
1084 3511 1201 3558 auctores

135 3575 161 3640 0,
178 3580 277 3628 actores
289 3575 332 3627 PC
340 3575 350 3644 ll
367 3578 398 3628 14
407 3575 538 3653 multaque
549 3575 597 3633 PG,
614 3576 773 3641 multumque
787 3575 813 3638 C,
826 3576 993 3642 Augusteum
1002 3576 1086 3654 ldpiet.
1098 3574 1154 3638 153,
1166 3574 1202 3628 22

132 3640 141 3711 l
156 3645 185 3695 15
198 3644 341 3710 periculosa
349 3643 399 3708 ΡΟ,
417 3643 559 3710 permciosa
575 3657 645 3693 unus
662 3659 697 3694 ec
714 3659 729 3692 z
752 3643 898 3762 ppnculosa
910 3658 941 3695 ae
952 3643 1096 3710 perniciosa
1108 3643 1202 3708 Augu-

133 3714 218 3789 etiam
230 3712 246 3763 t.
260 3728 280 3764 c.
294 3710 305 3780 ΙΙ
322 3715 348 3762 11
362 3712 493 3763 bominum
505 3711 553 3775 PG,
570 3710 707 3762 humanum
722 3681 743 3761 d
785 3714 895 3762 tortores
906 3710 916 3778 11
930 3709 1121 3778 compositione
1132 3725 1201 3762 com*

134 3778 331 3898 pgsrdtpffltztrt
346 3781 434 3898 grania
452 3777 626 3830 huiuscemodi
641 3779 689 3844 PC,
707 3779 881 3831 huiuscemodi
899 3780 983 3832 omnia
1002 3776 1042 3847 Ol
1056 3777 1202 3831 dilabuntur
