2692 4350
438 155 480 206 DE
498 152 739 207 coniurantibus
757 154 928 208 CATILINAE
1176 151 1216 212 35

153 321 211 371 stra
232 329 364 379 movere,
388 309 523 371 hostibus
538 309 722 371 occasionem
737 309 888 388 pugnandi
904 328 965 370 non
981 310 1064 371 dare:
1081 310 1217 391 sperabat

152 396 321 475 propediem
343 415 463 475 magnas
486 395 585 472 copias
606 412 670 455 sese
693 392 878 467 habiturum,
903 396 927 455 si
947 394 1055 456 Romae
1076 395 1148 456 socii
1167 397 1215 456 in·
1293 388 1296 394 ’

151 489 235 560 cepta
246 482 448 560 patravissent.
476 479 585 540 interea
598 478 712 540 servitia
724 479 904 558 repudiabat,
918 480 1002 541 ouius
1014 479 1213 542 initioadeum
1231 495 1246 544 5

150 584 271 644 magnae
286 566 387 646 copiae
403 564 633 638 concurrebant,
650 563 756 643 opibus
777 563 988 625 coniurationis
1009 565 1112 640 fretus,
1127 565 1215 627 simul

112 662 127 711 5
149 651 276 713 alienum
298 652 359 712 suis
384 648 547 711 rationibus
568 649 747 710 existumans
767 648 859 708 videri
882 666 999 710 causam
1022 650 1128 710 civium
1147 669 1214 711 oum

149 737 239 796 servis
252 736 382 815 fugitivis
398 733 666 795 communicavisse.
696 733 747 793 sed
762 741 917 812 postquam
933 734 963 795 in
979 742 1072 796 castra
1092 736 1214 797 nuntius
1231 743 1266 799 51

149 821 282 900 pervenit
296 820 406 881 Romae
433 817 666 880 coniurationem
690 819 880 897 patefactam,
904 819 939 878 do
961 819 1087 881 Lentulo
1110 828 1138 881 et
1161 819 1213 881 Ce-

147 907 235 984 thego
258 906 438 983 ceterisque,
460 922 534 983 quos
555 921 644 982 supra
666 903 838 976 memoravi,
854 904 1033 984 supplicium
1052 915 1214 984 sumptum,

148 990 298 1070 plerique,
321 990 399 1069 quod
420 990 455 1050 ad
475 987 585 1050 bellum
607 1006 675 1066 spes
696 988 865 1067 rapinarum
887 998 936 1050 aut
958 1008 1099 1050 novarum
1114 1008 1214 1051 rerum

99 1086 127 1135 lu
148 1075 278 1136 studium
293 1075 449 1146 inlexerat,
473 1072 658 1146 dilabuntur,
680 1073 811 1152 reliquos
827 1073 949 1135 Catilina
965 1092 1019 1153 per
1034 1074 1142 1135 montis
1167 1093 1213 1136 as-

147 1178 236 1239 peros
251 1160 364 1238 magnis
379 1158 534 1220 itineribus
549 1157 580 1218 in
595 1176 697 1236 agrum
713 1157 922 1220 Pistoriensem
945 1158 1063 1219 abducit
1084 1178 1119 1220 eo
1141 1178 1213 1221 con-

148 1245 227 1316 silio,
250 1244 292 1304 uti
308 1263 361 1324 per
381 1242 512 1305 tramites
534 1242 649 1305 occulte
670 1243 840 1322 perfugeret
860 1244 891 1304 in
911 1242 1033 1305 Galliam
1056 1244 1212 1324 transalpi-

148 1348 224 1391 nam.
253 1338 282 1389 at
297 1327 331 1399 Q.
347 1328 481 1390 Metellus
496 1327 580 1389 Celer
594 1346 662 1413 cum
677 1326 772 1388 tribus
786 1327 953 1405 legionibus
968 1329 998 1388 in
1016 1347 1085 1408 agro
1101 1328 1210 1391 Piceno
1228 1339 1243 1391 t

147 1413 344 1492 praesidebat,
367 1432 401 1475 ex
422 1412 592 1474 difficultate
613 1431 714 1473 rerum
736 1412 837 1474 eadem
857 1413 905 1473 illa
921 1413 1117 1488 existumans,
1136 1433 1210 1492 quae

98 1510 125 1559 15
146 1517 235 1578 supra
256 1498 382 1560 diximus
398 1497 549 1559 Catilinam
570 1498 688 1576 agitare.
719 1497 810 1576 igitur
831 1497 882 1559 ubi
903 1499 959 1559 iter
980 1498 1043 1559 eius
1059 1518 1093 1560 ex
1108 1500 1209 1578 perlu·
1226 1510 1242 1560 3

144 1585 188 1661 gis
210 1584 361 1660 cognovit,
384 1591 478 1644 eastra
499 1601 626 1663 propere
645 1582 735 1643 movit
754 1601 788 1643 ao
803 1583 858 1643 sub
872 1584 947 1664 ipsis
959 1582 1107 1645 radicibus
1125 1603 1210 1645 mon-

144 1670 218 1729 tium
233 1669 375 1744 consedit,
392 1687 448 1747 qua
462 1667 506 1728 illi
521 1668 681 1739 descensus
696 1677 758 1730 erat
772 1669 803 1728 in
815 1667 936 1729 Galliam
946 1669 1126 1748 properanti.
1157 1688 1210 1730 ne·
1227 1680 1243 1730 1

145 1773 201 1834 que
224 1761 320 1839 tpmen
342 1755 489 1815 Antonius
511 1753 616 1832 procul
631 1753 745 1828 aberat,
768 1761 870 1832 utpote
892 1753 943 1832 qui
957 1772 1064 1832 magno
1080 1754 1209 1815 exercitu

142 1839 217 1899 locis
239 1837 428 1918 aequioribus
450 1839 602 1917 expeditus
622 1838 663 1914 [in
684 1832 764 1920 luga]
792 1847 974 1917 sequeretur.
1010 1838 1061 1900 sed
1089 1838 1241 1900 Catilinas

92 1933 123 1985 tu
144 1930 300 2002 postquam
315 1923 392 1983 videt
406 1921 557 1983 montibus
571 1931 659 2000 atque
674 1922 767 2001 copiis
782 1923 911 1984 bostium
926 1941 990 1984 sese
1013 1923 1161 1998 clausum,
1176 1925 1208 1984 in

143 2008 216 2069 urbe
232 2026 279 2067 res
293 2008 446 2079 advorsae,
463 2024 559 2084 neque
574 2008 659 2084 fugae
675 2025 772 2085 neque
787 2007 916 2086 praesidi
931 2007 1020 2068 ullam
1039 2026 1137 2087 spem,
1155 2027 1208 2088 op-

142 2103 257 2152 tumum
272 2092 350 2151 lactu
365 2100 445 2153 ratus
460 2092 491 2152 in
506 2091 555 2152 tali
570 2111 602 2152 re
616 2092 765 2152 fortunam
779 2090 848 2152 belli
863 2100 1015 2172 temptare,
1029 2093 1130 2155 statuit
1141 2112 1208 2154 cum

143 2175 272 2238 Antonio
303 2172 390 2253 qu'am
419 2176 548 2255 primum
577 2176 746 2255 confligere.
777 2177 876 2255 itaque
905 2177 1045 2238 contione
1074 2178 1240 2239 advocatas

141 2261 345 2322 huiuscemodi
360 2260 522 2323 orationem
537 2261 647 2322 habuit.

89 2353 120 2404 tt
222 2341 425 2425 ‘compertum
441 2364 495 2425 ego
510 2345 614 2420 habeo,
629 2346 746 2421 milites,
760 2345 847 2407 verba
862 2346 998 2407 virtutem
1013 2365 1073 2407 non
1091 2347 1207 2421 addere,
1224 2353 1261 2409 58

141 2449 239 2509 neque
262 2449 297 2491 ex
319 2431 423 2509 ignavo
444 2439 598 2493 strenuum
619 2451 717 2511 neque
737 2433 843 2493 lortem
865 2450 900 2492 ex
921 2431 1023 2492 timido
1047 2432 1206 2493 exercitum

140 2516 272 2577 oratione
293 2515 478 2595 imperatoris
496 2516 570 2578 fleri.
607 2525 716 2595 quanta
737 2516 881 2596 cuiusque
904 2517 1001 2577 animo
1020 2518 1138 2578 audacia
1153 2537 1206 2578 na·
1223 2528 1239 2579 1

119 2652 121 2657 .
139 2609 204 2662 tura
219 2609 269 2662 aut
283 2601 415 2662 moribus
430 2600 515 2676 inest,
532 2610 612 2664 tanta
626 2601 659 2663 in
673 2601 751 2662 bello
766 2609 866 2681 patere
881 2602 965 2661 solet.
996 2620 1084 2679 quem
1109 2621 1206 2681 neque

140 2684 230 2763 gloria
250 2704 347 2764 neque
365 2686 495 2765 pericula
513 2687 649 2762 excitant,
672 2686 851 2765 nequiquam
865 2686 998 2747 hortere:
1014 2686 1101 2747 timor
1116 2688 1205 2748 animi

88 2777 119 2827 30
141 2770 260 2832 auribus
275 2770 375 2833 ollicit.
397 2771 449 2832 sed
459 2789 512 2849 ego
528 2789 589 2845 vos,
601 2789 661 2849 quo
676 2789 769 2850 pauca
783 2789 944 2844 monerem,
959 2771 1103 2845 advocavi,
1118 2772 1204 2833 simul
1222 2783 1236 2831 :3

140 2855 183 2915 uti
196 2874 312 2917 causam
325 2855 383 2916 mei
395 2855 499 2916 consili
512 2856 667 2934 aperirem.
689 2856 770 2916 scitis
780 2855 926 2934 equidem,
939 2855 1056 2930 milites,
1071 2856 1204 2916 socordia
1221 2867 1237 2916 4

139 2947 226 3017 atque
248 2940 361 3017 ignavia
387 2940 504 3002 Lentuli
531 2947 669 3019 quantam
694 2941 751 3019 ipsi
776 2940 920 3018 nobisque
943 2940 1052 2999 cladem
1074 2939 1204 3001 attulerit

139 3026 374 3103 quoquomodo,
390 3026 460 3086 dum
476 3045 511 3085 ex
525 3023 598 3084 urbe
613 3025 756 3103 praesidia
773 3024 928 3103 opperior,
944 3023 975 3083 in
991 3023 1111 3084 Galliam
1133 3042 1202 3103 pro-

138 3109 228 3169 ticisci
250 3109 440 3187 nequiverim.
470 3127 552 3171 nunc
574 3128 641 3170 vero
663 3128 723 3188 quo
743 3109 809 3171 loco
830 3127 878 3169 res
894 3117 1011 3169 nostrae
1033 3109 1108 3184 sint,
1123 3109 1234 3170 iuxta5

85 3201 116 3251 ³5
137 3210 253 3254 mecum
269 3210 371 3254 omnes
386 3194 564 3274 intellegitis.
595 3195 740 3256 exercitus
754 3195 883 3256 hostium
901 3195 969 3266 duo,
986 3213 1064 3256 unus
1078 3193 1114 3254 ab
1129 3195 1203 3255 urbe
1219 3203 1235 3254 6

137 3279 209 3341 alter
236 3296 253 3338 a
278 3276 368 3339 Gallia
394 3279 519 3341 obstant.
546 3280 656 3341 diutius
682 3280 713 3340 in
739 3280 785 3340 his
811 3278 884 3340 locis
910 3298 989 3351 osse,
1016 3280 1040 3340 si
1068 3298 1202 3341 maxume

136 3364 252 3427 animus
274 3363 361 3427 serat.
384 3364 522 3426 lrumenti
544 3373 633 3444 atque
654 3363 775 3426 aliarum
797 3383 898 3425 rerum
915 3371 1028 3443 egestas
1057 3364 1202 3444 prohibet.

138 3481 342 3499 *ρ’-

204 3551 215 3599 1
231 3547 350 3614 sperabat
361 3545 410 3611 PC,
428 3562 532 3613 sperans
546 3549 585 3615 Cll
599 3554 613 3602 5
626 3548 706 3600 uideri
721 3565 742 3599 a.
751 3565 771 3599 a.
781 3550 805 3599 P
814 3545 824 3614 ll
836 3551 850 3598 'l
864 3546 1010 3599 deslentulo
1023 3546 1066 3615 ΡΙ,
1082 3552 1107 3598 11
1123 3548 1203 3614 pisto-

133 3616 295 3683 rionsemPll
309 3618 340 3668 tc
358 3615 480 3679 cognouit
493 3636 590 3665 mm
607 3617 611 3684 Ι
627 3616 759 3684 castraPll
778 3618 806 3667 19
824 3615 957 3682 expeditus
969 3616 995 3666 in
1014 3615 1074 3682 luga
1085 3634 1108 3679 z,
1127 3630 1203 3681 expe-

134 3683 201 3735 ditos
219 3685 245 3734 in
264 3683 324 3749 luga
342 3682 391 3747 PC,
412 3684 493 3735 leue.
511 3686 561 3736 vol.
578 3685 608 3736 11
621 3701 646 3750 p.
665 3684 718 3738 342
741 3684 776 3750 (in
794 3683 881 3750 lugam
896 3686 978 3750 parcet
996 3684 1070 3735 codd.
1093 3683 1157 3734 Sall.
1177 3690 1203 3735 et

133 3752 234 3817 Prisc),
257 3753 283 3803 in
305 3751 366 3817 fuga
384 3750 480 3801 seclusi
494 3751 503 3819 ΙΙ
516 3755 547 3804 20
565 3752 635 3809 uidet
651 3753 782 3804 montibus
798 3768 818 3803 c.
836 3769 856 3803 a.
870 3751 913 3816 Pll
924 3754 956 3802 22
981 3751 1050 3802 lactu
1072 3757 1143 3803 ratus
1167 3768 1202 3802 ece

134 3817 246 3871 facturus
264 3818 304 3898 Pp
319 3823 350 3872 32
370 3824 494 3886 quantum
509 3819 552 3888 Ρη
564 3824 597 3872 34
614 3821 772 3887 nequiuerim
790 3835 821 3871 ex
839 3818 1002 3885 nequiueram
1020 3817 1062 3897 Pl]
1075 3836 1125 3886 quo
1143 3819 1201 3872 loco

134 3885 208 3950 PVO,
227 3902 278 3952 quo
297 3902 323 3937 ur
340 3887 398 3939 loeo
419 3887 439 3938 C

969 3970 1005 4023 3*
