2692 4350
153 111 193 173 72
527 113 553 164 G.
566 109 721 162 SALLUSTl
739 109 841 162 CRlSPl

151 270 198 331 fini
215 268 303 343 iubet,
319 268 373 331 alia
388 267 486 329 omnia
500 268 625 328 militum
639 266 775 346 praedam
797 283 870 327 esse.
901 284 933 325 ea
954 264 1113 326 formidine
1135 264 1229 328 multi

151 355 288 416 mortales
308 353 448 414 Romanis
470 353 558 414 dediti
580 352 715 428 obsides,
737 353 917 412 frumentum
941 357 970 411 et
983 350 1037 411 alia
1060 368 1138 429 quae
1152 353 1229 413 usui

152 443 250 501 forent
270 439 377 499 affatim
402 439 548 518 praebita,
574 436 753 516 ubicumque
778 454 826 496 ros
847 435 1013 516 postulabat
1038 435 1227 514 praesidium

120 521 321 604 rinpositum'.
351 542 426 601 qnae
440 524 557 601 negotia
571 522 664 582 multo
679 521 771 599 magis
793 539 879 599 quam
899 520 1044 600 proelium
1065 520 1142 581 male
1164 539 1228 600 pu-

120 619 270 688 ognatum
291 608 327 669 ab
349 609 412 669 suis
431 625 530 687 regem
550 607 709 681 terrebant,
732 605 841 686 quippe
867 606 953 666 ouius
978 624 1047 684 spes
1069 605 1169 667 omnis
1192 606 1266 667 int

151 697 219 772 luga
235 695 290 756 sita
305 703 382 767 erat,
399 693 483 772 sequi
499 693 666 772 cogebatur,
682 691 775 775 etqui
791 709 843 751 sua
859 691 922 751 loca
938 690 1095 751 defendere
1112 691 1228 770 nequi-

119 790 135 840 9
150 786 246 854 verat,
266 779 297 839 in
313 777 415 838 alienis
430 777 540 839 bellum
555 795 667 856 gerere.
696 784 793 838 tamen
817 794 851 837 ex
866 774 950 856 eopia
965 775 1044 854 qnod
1063 783 1227 854 optumum
1243 818 1247 823 ·

149 853 302 925 viddbatur
317 863 473 924 eonsilium
489 863 579 942 capit,
603 862 761 922 exereitum
777 861 953 940 plerumque
971 861 1002 920 in
1020 859 1131 921 eisdem
1147 861 1227 922 loeis

151 949 282 1029 opperiri
293 947 383 1024 iubet,
395 948 458 1027 ipse
470 966 536 1009 oum
549 946 667 1008 deleatis
678 944 826 1025 equitibus
835 944 984 1006 Metellum
992 945 1136 1024 sequitur,
1146 964 1225 1007 noc·

150 1033 249 1094 turnis
264 1041 292 1094 et
307 1032 377 1093 aviis
391 1032 546 1094 itineribus
560 1033 712 1113 ignoratus
727 1030 875 1091 Romanos
889 1030 1014 1109 palantis
1028 1039 1154 1109 repente
1169 1048 1224 1110 ag·
1248 1042 1276 1092 to

106 1131 135 1180 10
152 1119 292 1198 greditur.
323 1136 425 1179 eorum
440 1119 575 1198 plerique
586 1117 714 1178 inermes
725 1116 843 1190 eadunt,
853 1116 938 1176 multi
950 1115 1116 1195 capiuntur,
1130 1134 1224 1176 nemo

150 1205 284 1265 omnium
299 1204 426 1264 intactus
441 1202 581 1282 profugit,
596 1209 626 1262 et
638 1201 780 1263 Numidae
795 1200 967 1280 priusquam
983 1219 1018 1261 er
1033 1199 1137 1261 eastris
1149 1200 1225 1261 sub-
1255 1270 1260 1279 Ι

150 1290 315 1363 veniretur,
331 1288 417 1348 sicuti
432 1287 503 1348 inssi
519 1295 617 1362 erant,
632 1287 664 1347 in
679 1304 840 1366 proxumos
856 1285 938 1346 oollis
955 1285 1119 1346 discedunt.

96 1379 134 1435 bb
235 1373 356 1433 interim
372 1372 482 1433 Romae
503 1373 641 1451 gaudium
663 1372 769 1450 ingens
791 1379 888 1432 ortum
905 1370 1031 1448 ooguitis
1045 1368 1157 1431 Metelli
1172 1389 1224 1431 re·

150 1458 224 1531 bus,
241 1466 274 1517 ut
289 1476 380 1535 seque
395 1465 423 1518 et
439 1459 597 1518 exereitum
619 1474 701 1516 more
724 1455 867 1516 maiorum
889 1464 1018 1534 gereret,
1039 1454 1071 1516 in
1094 1455 1223 1517 advorso
1247 1464 1274 1515 15

151 1542 217 1602 loeo
233 1542 326 1618 pictor
340 1551 438 1602 tamen
454 1541 559 1602 virtute
574 1542 686 1615 luisset,
701 1540 829 1602 hostium
847 1559 918 1619 agro
940 1540 1094 1620 potiretur,
1110 1540 1224 1618 lugur-

150 1626 230 1686 tham
251 1626 439 1704 magnifieum
457 1644 492 1687 ex
507 1625 604 1687 Albini
625 1625 768 1718 sooordia'
780 1643 863 1704 spem
884 1625 984 1686 salutis
1006 1626 1037 1686 in
1058 1624 1225 1686 solitudine

119 1721 134 1770 2
150 1719 201 1772 aut
214 1711 283 1789 fuga
298 1711 443 1789 coegisset
456 1711 574 1772 babere.
603 1711 702 1788 itaque
716 1718 836 1771 senatus
851 1710 889 1770 ob
904 1728 937 1771 ea
952 1710 1076 1772 lelieiter
1091 1718 1155 1772 aota
1176 1710 1223 1772 dis

151 1795 356 1857 inmortalibus
370 1796 514 1876 supplicia
530 1797 698 1870 decernere,
709 1795 813 1856 ¹civitas
828 1796 940 1875 trepida
955 1803 1039 1857 antea
1055 1801 1084 1855 et
1094 1793 1223 1857 sollicita

119 1891 134 1941 3
151 1881 270 1943 debelii
285 1881 477 1943 eventulaeta
493 1900 596 1961 agere,
613 1882 649 1942 de
663 1880 780 1943 bletello
794 1881 869 1941 fama
893 1881 1040 1960 praeclara
1056 1897 1130 1941 esse.
1162 1879 1223 1959 igi·
1245 1888 1276 1941 nt

150 1974 200 2026 tur
222 1984 257 2027 eo
272 1966 414 2027 intentior
429 1968 463 2027 ad
479 1967 628 2028 victoriam
644 1968 714 2039 niti,
731 1965 867 2027 omnibus
881 1965 977 2026 modis
992 1966 1145 2038 festinare,
1170 1983 1224 2026 oa-

149 2069 217 2113 vere
233 2059 328 2112 tamen
346 2052 452 2114 necubi
468 2052 545 2114 hosti
560 2061 748 2132 opportunus
762 2053 854 2126 lieret,
877 2050 1046 2111 meminisse
1065 2056 1133 2129 post
1154 2050 1224 2128 glo-

117 2147 134 2196 t
149 2137 223 2197 riam
238 2136 374 2197 invidiam
391 2138 485 2216 sequi.
515 2138 555 2199 ita
571 2155 630 2216 quo
646 2137 752 2198 clarior
767 2144 842 2212 erat,
859 2154 893 2196 eo
909 2135 1002 2214 magis
1019 2135 1125 2196 anxius
1146 2143 1224 2210 erat,

139 2240 248 2300 neque
263 2229 330 2300 post
345 2221 465 2282 insidias
480 2223 639 2299 Iugurthae
655 2223 748 2283 effuso
765 2222 894 2282 exercitu
909 2221 1059 2298 praedari;
1081 2219 1133 2280 ubi
1155 2219 1226 2283 iru-

150 2316 252 2367 mento
268 2315 318 2366 ant
332 2306 441 2386 pabulo
457 2325 533 2385 opus
548 2318 626 2380 erat,
643 2308 779 2366 cohortes
795 2324 861 2367 oum
878 2305 958 2366 omni
978 2306 1110 2383 equitatu
1132 2322 1225 2384 prae·
1247 2313 1278 2365 2⁵

151 2391 258 2452 sidium
272 2389 436 2468 agitabant3
452 2391 598 2453 exereitus
620 2400 733 2470 partem
747 2391 828 2470 ipse,
852 2390 982 2469 reliquos
996 2390 1106 2451 llarius
1129 2389 1226 2452 duoe-

33 2544 35 2549 ¹
90 2487 105 2536 a
119 2485 135 2536 6
150 2475 209 2536 bat.
239 2474 290 2535 sed
305 2474 367 2552 igni
383 2476 476 2554 magis
492 2494 579 2555 quam
594 2476 700 2555 praeda
716 2491 785 2552 ager
807 2475 980 2536 vastabatur.
1010 2474 1126 2535 duobus
1147 2473 1226 2536 loeis

81 2615 85 2620 .
120 2559 229 2619 thaud
250 2559 338 2636 longo
358 2559 436 2620 inter
458 2579 489 2620 se
512 2568 606 2622 eastra
627 2559 782 2621 faciebant.
813 2559 864 2620 ubi
884 2560 911 2619 vi
933 2578 1009 2639 opos
1025 2566 1101 2635 erat,
1120 2561 1226 2622 onnoti

151 2644 279 2704 aderant.
309 2651 440 2705 ceterum
462 2663 521 2724 quo
542 2645 611 2724 suga
633 2654 721 2724 atque
742 2644 868 2705 formido
889 2644 975 2706 latius
998 2652 1160 2726 cresceret,
1175 2644 1226 2705 di-

118 2740 134 2791 8
150 2728 228 2789 rorsi
243 2727 377 2808 agebant.
408 2748 443 2790 eo
459 2741 591 2809 tempore
602 2729 744 2809 Iugurtha
759 2748 814 2810 per
829 2730 913 2792 oollis
927 2730 1021 2810 sequi,
1037 2737 1155 2809 tempus
1170 2739 1226 2790 aut
1247 2738 1281 2789 ao

150 2814 250 2874 locum
264 2830 382 2894 pugnae
397 2833 555 2894 quaerere,
572 2834 631 2897 qua
643 2825 799 2877 venturum
821 2816 935 2878 bostem
956 2815 1103 2888 audierat,
1125 2812 1225 2893 pabu-

149 2898 210 2960 lum
226 2906 255 2960 et
269 2917 411 2977 aquarum
426 2901 534 2974 fonds,
549 2920 676 2980 quorum
696 2899 821 2982 penuria
838 2910 914 2976 erat,
932 2917 1145 2980 conrumpere,
1160 2917 1226 2960 mo-

119 2964 139 3048 0⁰
150 2982 187 3044 do
208 3003 240 3044 se
255 2984 371 3044 bletello
394 2985 543 3048 interdum
557 2986 649 3048 llario
672 2986 842 3058 ostendere,
864 2978 1030 3065 postremos
1051 2985 1083 3046 in
1104 2984 1225 3062 agmine

149 3076 293 3148 temptare
307 3088 341 3130 ao
356 3071 452 3131 statim
467 3071 498 3132 in
515 3071 598 3132 oollis
613 3071 749 3150 regredi,
765 3088 870 3131 rursus
884 3070 948 3131 aliis
962 3079 1030 3148 post
1047 3070 1111 3131 aliis
1131 3069 1224 3130 mini·

151 3154 215 3227 tari,
232 3171 329 3231 neque
343 3154 490 3233 proelium
504 3156 601 3217 lacere
616 3175 713 3235 neque
729 3154 906 3233 otium'pati
921 3163 1037 3217 tantum
1058 3155 1145 3216 modo
1166 3156 1223 3215 bo·
1247 3163 1280 3215 35

151 3250 226 3301 stem
241 3236 276 3298 ab
292 3237 410 3318 incepto
426 3240 563 3300 retinere.
863 3292 866 3297 .

95 3328 134 3384 bd
235 3322 387 3383 Romanus
412 3324 572 3404 imperator
596 3325 647 3387 ubi
673 3342 705 3385 se
730 3322 805 3384 dolis
830 3322 945 3402 fatigari
966 3325 1044 3386 videt
1064 3340 1162 3402 neque
1184 3322 1224 3384 ab

150 3410 236 3471 hoste
252 3407 365 3486 oopiam
380 3408 531 3488 pugnandi
546 3410 626 3484 lieri,
641 3409 745 3471 urbem
760 3427 894 3488 magnam
910 3417 939 3472 et
953 3409 985 3471 in
1004 3428 1037 3471 ea
1058 3416 1140 3493 parte
1161 3424 1224 3485 qua

150 3497 204 3558 sita
220 3501 282 3554 erat
295 3510 392 3554 arcem
407 3495 492 3573 regni
507 3496 628 3557 nomine
644 3493 758 3555 Zamam
773 3495 873 3556 statuit
887 3495 1059 3576 obpugnare
1076 3499 1166 3561 ratus,
1189 3491 1222 3553 id

152 3579 230 3658 quod
257 3577 407 3657 negotium
431 3579 585 3659 poscebat,
606 3579 778 3659 lugurtbam
798 3578 999 3642 laborantibus
1023 3578 1084 3639 suis
1109 3575 1221 3638 auxilio

35 1276 50 1314 b

219 3728 376 3793 domnam,
393 3728 434 3781 oui
448 3727 515 3795 01Ιῖ
530 3744 559 3781 oo
578 3729 604 3779 ia
624 3745 648 3793 z,
665 3729 751 3808 inopia
763 3729 807 3782 PC
816 3745 930 3796 quorum
947 3729 1045 3806 unuap
1062 3724 1172 3795 inopiass
1188 3730 1219 3779 15

150 3798 180 3848 ut
195 3802 257 3860 post
272 3802 371 3862 gereret
387 3800 488 3848 iterant
503 3799 539 3848 Pz
560 3746 621 3865 dli
641 3796 719 3848 albmr
737 3796 791 3862 Po,
815 3797 864 3849 auli
885 3796 925 3865 Cli
937 3796 970 3848 23
988 3809 1078 3846 onnus
1095 3800 1150 3846 erat
1167 3794 1222 3861 PC,

151 3879 264 3930 gatonem
280 3880 350 3915 unus
368 3865 466 3917 animus
484 3865 574 3917 anxius
591 3869 646 3917 eret
663 3868 766 3932 (itaque
783 3870 820 3931 z),
837 3866 887 3916 alii
904 3863 1041 3916 animosior
