2692 4350
161 157 202 214 44
542 160 567 210 G.
581 157 735 210 SALLUSTI
754 156 855 209 CRISPl

139 346 147 363 ι
162 316 305 396 praesidia
319 316 403 392 regni
418 324 498 389 sunt,
513 333 614 375 rerum
629 314 724 385 amici,
747 333 822 392 quos
837 332 933 392 neque
949 312 1036 373 armis
1052 328 1161 389 cogere
1177 330 1238 374 ne-

130 414 145 462 5
164 421 221 481 que
231 420 302 461 auro
314 418 416 479 parare
428 419 533 478 queas:
551 399 647 459 officio
663 407 691 460 et
706 400 762 460 fide
774 400 940 479 pariuntur.
964 399 1029 477 quis
1044 404 1143 457 autem
1157 392 1237 459 airri-

163 487 224 547 cior
239 503 326 564 quam
340 486 430 546 irater
444 481 549 545 fratri?
565 494 615 545 aut
631 502 717 563 quem
729 485 856 546 alienum
868 485 958 544 fidum
971 481 1111 557 invenies,
1126 480 1153 541 si
1171 483 1237 544 tuis

130 581 144 630 6
161 571 255 632 hostis
270 568 383 630 tueris?
403 569 538 648 equidem
555 587 609 647 ego
625 570 706 629 vobis
721 588 845 647 regnum
862 569 944 630 trado
960 570 1092 640 lirmum,
1115 565 1142 626 si
1157 566 1237 651 boni

46 726 50 736 Ι
162 654 258 728 eritis„
268 655 314 716 sin
330 655 407 726 mali,
424 655 603 715 inbecillum.
634 673 702 715 nam
718 654 874 716 concordia
895 672 999 733 parrae
1015 671 1061 712 res
1076 660 1236 727 crescunt,
1258 662 1274 712 o

129 753 142 800 τ
160 741 304 801 discordia
320 758 471 801 maxumae
492 739 839 810 dilabuntu1·.lcetcrum
855 751 922 801 ante
937 739 991 798 hos
1007 745 1051 812 te,
1076 737 1234 814 iugurtha,

50 888 53 894 ,
161 826 211 904 qui
227 832 319 886 aetate
335 832 363 884 et
378 825 520 903 sapientia
535 825 618 903 prior
633 843 674 898 es,
691 843 728 884 ne
743 824 825 884 aliter
839 825 909 902 quid
927 822 1055 894 eveniat,
1071 822 1235 900 providere

160 911 251 970 decet.
280 927 347 969 nam
363 909 393 969 in
410 909 490 969 omni
506 910 665 970 certamine
678 911 728 987 qui
744 910 914 988 opulentior
929 919 983 981 est,
996 906 1107 968 etiamsi
1118 908 1235 987 accipit

127 995 307 1065 8iniuriam‚
329 1003 427 1054 tamen
451 995 517 1073 quia
540 994 607 1072 plus
629 1003 736 1074 potest,
759 994 855 1054 lacere
877 994 998 1055 videtur.
1044 1011 1094 1052 vos
1116 1001 1233 1067 autem,

161 1079 305 1140 Adherbal
329 1089 358 1139 et
372 1078 537 1158 Hiempsal,
560 1079 646 1139 colite
661 1079 810 1140 observate
824 1078 911 1139 talem
930 1079 1011 1139 hunc
1026 1078 1136 1150 virum,
1160 1077 1232 1138 imi·
1257 1089 1284 1141 to

158 1165 260 1225 tamini
277 1165 412 1225 virtutem
429 1172 456 1224 et
471 1163 633 1239 enitimini,
656 1184 693 1224 ne
709 1183 762 1242 ego
781 1165 917 1224 meliores
932 1163 1041 1222 liberos
1062 1162 1233 1240 sumpsisse

158 1250 256 1310 videar
271 1268 357 1327 quam
373 1239 560 1342 genuisse.’)l

106 1341 140 1394 11
243 1334 287 1393 nd
303 1354 335 1395 ea
353 1333 492 1411 iugurtha
508 1334 622 1394 tametsi
645 1351 744 1412 regem
759 1335 824 1394 licta
840 1332 971 1393 locutum
994 1332 1185 1410 intellegebat
1202 1344 1233 1395 et

158 1420 222 1498 ipse
236 1419 324 1496 longe
339 1419 422 1478 aliter
437 1419 534 1478 animo
550 1418 685 1496 agitabat,
702 1427 799 1479 tamen
814 1437 868 1497 pro
884 1427 1018 1495 tempore
1033 1416 1162 1494 benigne
1179 1437 1231 1480 re·

126 1514 140 1561 2
158 1503 285 1581 spondit.
311 1503 431 1581 Micipsa
444 1503 545 1581 paucis
556 1513 625 1581 post
636 1503 738 1563 diebus
753 1503 888 1563 moritur.
915 1509 1073 1580 postquam
1085 1501 1126 1561 illi
1141 1521 1231 1565 more
1255 1514 1281 1565 15

159 1588 239 1663 regio
255 1588 330 1647 iusta
353 1588 505 1664 magnifice
522 1590 662 1661 fecerant,
685 1587 780 1665 reguli
798 1588 829 1648 in
844 1605 937 1646 unum
957 1598 1169 1660 convenerunt,
1196 1600 1231 1652 ut

126 1681 140 1731 3
158 1672 235 1732 inter
251 1672 332 1732 sede
348 1673 462 1732 cunctis
478 1671 603 1748 negotiis
619 1672 825 1751 disceptarent.
855 1673 906 1731 sed
921 1671 1078 1750 Hiempsal,
1103 1673 1154 1750 qui
1169 1674 1230 1733 mi-

152 1775 269 1817 numus
285 1777 320 1817 ex
336 1756 393 1817 illis
409 1767 479 1831 erat,
503 1766 606 1817 natura
620 1757 703 1817 lerox
725 1766 754 1818 et
768 1758 825 1817 iam
837 1766 921 1818 antea
936 1757 1148 1834 ignobilitatem
1171 1751 1247 1818 lu-'

159 1843 292 1920 gurdiae,
312 1842 379 1920 quia
396 1853 529 1903 materno
546 1860 654 1920 genere
670 1843 756 1922 inpar
771 1851 841 1914 erat,
857 1842 1033 1920 despiciens
1050 1843 1148 1902 dextra
1165 1844 1228 1905 Ad-

156 1926 304 1987 herbalem
319 1928 438 1996 adsedit,
456 1947 493 1988 ne
507 1927 622 1988 medius
637 1946 672 1988 ex
687 1927 798 2002 tribus,
820 1928 900 2005 quod
915 1926 993 2009 apud
1008 1925 1147 1988 Numidas
1168 1927 1227 1988 ho·
1249 1940 1281 1991 ao

124 2022 139 2070 4
157 2013 223 2072 nori
239 2012 366 2087 ducitur,
382 2013 523 2091 Iugurtha
539 2014 623 2074 foret.
649 2012 717 2074 dein
735 2023 831 2074 tamen
847 2022 880 2074 ut
894 2012 980 2074 aetati
996 2013 1170 2074 concederet
1180 2013 1228 2074 la-

124 2107 138 2155 5
156 2097 264 2175 tigatus
278 2117 294 2158 a
309 2099 407 2173 fratre,
430 2099 476 2158 vix
491 2099 520 2188 ip
537 2106 650 2176 partem
672 2099 790 2159 alteram
806 2098 993 2159 transductus
1009 2104 1062 2157 est.
1099 2097 1139 2157 ibi
1155 2115 1226 2158 cum

156 2183 247 2242 multa
263 2184 299 2243 de
314 2182 544 2243 administrando
561 2183 685 2262 imperio
700 2183 888 2256 dissererent,
905 2182 1046 2260 iugurtha
1061 2182 1138 2242 inter
1152 2182 1227 2242 alias

152 2286 200 2327 res
213 2268 291 2339 iacit,
304 2275 441 2345 oportere
454 2268 640 2344 quinquenni
652 2268 784 2327 consulta
797 2277 826 2327 et
838 2267 952 2327 decreta
966 2267 1223 2331 omniarescindi:

153 2370 219 2411 nam
235 2369 288 2431 per
311 2370 343 2410 ea
367 2360 498 2429 tempora
522 2353 688 2411 conlectum
711 2351 796 2411 annis
818 2351 969 2428 Micipsam
996 2369 1101 2429 parum
1123 2351 1224 2412 animo
1249 2365 1280 2415 25

119 2445 135 2494 6
152 2436 285 2496 valuisse.
316 2445 378 2494 tum
395 2435 471 2495 idem
487 2434 635 2513 Hiempsal
652 2434 767 2512 placere
783 2434 839 2494 sibi
855 2436 1025 2512 respondit:
1042 2453 1108 2494 nam
1124 2436 1225 2511 ipsum

151 2520 232 2579 illum
252 2519 346 2578 tribus
362 2520 514 2598 proxumis
530 2519 615 2579 annis
632 2518 819 2597 adoptatione
841 2519 871 2578 in
895 2536 1020 2595 regnum
1041 2518 1222 2603 pervqnisse.

118 2604 230 2682 equod
252 2603 372 2663 verbum
393 2604 424 2663 in
444 2611 546 2682 pectus
562 2603 722 2680 iugurthae
742 2603 829 2664 altius
852 2621 938 2681 quam
962 2603 1222 2682 quisquam-ratus

118 2698 133 2748 8
151 2697 212 2749 erat
227 2687 387 2748 descendit.
418 2689 517 2767 itaque
538 2706 573 2749 ex
589 2707 623 2748 eo
639 2697 772 2767 tempore
795 2689 838 2748 ira
853 2696 882 2748 et
904 2696 984 2749 metu
1000 2688 1104 2749 anxius
1122 2687 1219 2748 moliri

150 2791 253 2852 parare
275 2780 363 2851 atque
379 2792 411 2833 ea
425 2774 512 2833 modo
529 2792 597 2833 cum
611 2773 708 2833 animo
732 2772 849 2840 habere,
873 2772 981 2851 quibus
997 2773 1144 2852 Hiempsal
1167 2791 1221 2852 per
1245 2788 1278 2839 30

118 2869 133 2919 9
150 2859 250 2919 dolum
265 2867 428 2937 caperetur.
460 2877 535 2938 quae
551 2857 601 2918 ubi
613 2859 724 2920 tardius
740 2858 907 2938 procedunt
923 2877 1019 2936 neque
1035 2859 1145 2920 lenitur
1155 2859 1219 2920 ani-

148 2963 215 3005 mus
227 2946 320 3018 ferox,
337 2943 438 3005 statuit
452 2945 556 3023 quovis
571 2945 658 3005 modo
674 2944 825 3023 inceptum
841 2938 1027 3023 perficeres-,¹

91 3033 127 3088 la
233 3029 332 3089 Primo
349 3039 512 3101 conventu,
535 3048 622 3109 quem
638 3029 673 3089 ab
689 3029 799 3108 regulis
815 3030 924 3089 lactum
946 2972 1036 3107 supha
1051 3029 1218 3102 memoravi,

148 3122 272 3192 propter
287 3114 501 3175 dissensionem
524 3116 673 3193 placuerat
689 3113 775 3174 dividi
795 3114 949 3175 thesauros
970 3113 1097 3192 finisque
1113 3114 1218 3192 imperi

115 3198 272 3276 asingulis
288 3199 436 3258 constitui.
473 3199 572 3277 itaque
593 3208 711 3277 tempus
725 3199 760 3259 ad
776 3207 932 3278 utramque
952 3217 1014 3259 rem
1037 3198 1216 3273 decernitur,
1238 3209 1272 3261 35

147 3283 199 3345 sed
211 3283 356 3344 maturius
371 3283 406 3342 ad
423 3283 578 3362 pecuniam
594 3282 836 3344 distribuendam.
865 3283 959 3362 reguli
978 3285 1090 3346 interea
1106 3285 1135 3343 in
1152 3283 1217 3343 loca

114 3377 129 3427 3
146 3368 313 3448 propinqua
330 3368 474 3429 thesauris
492 3368 567 3429 alius
582 3369 637 3428 alio
655 3386 839 3429 concessere.
877 3369 927 3430 sed
944 3368 1094 3455 Hiempsal
1109 3369 1139 3429 in
1162 3387 1216 3447 op-

145 3454 214 3532 pido
239 3450 389 3513 Thirmida
409 3453 484 3514 lorte
506 3453 568 3514 eius
584 3454 671 3514 domo
694 3451 847 3528 utebatur,
871 3455 922 3533 qui
945 3472 1108 3534 proxumus
1130 3453 1216 3512 lictor

211 3622 227 3671 3
245 3619 296 3672 tuis
315 3623 419 3671 antuus
430 3617 500 3686 Plll
520 3620 563 3686 qui
583 3623 667 3672 aetate
685 3636 719 3669 eae
755 3620 796 3672 uia
815 3622 935 3688 etatePll
952 3625 981 3673 10
995 3620 1071 3671 colite
1090 3623 1116 3670 et
1128 3619 1216 3670 obser-

143 3690 202 3738 uate
221 3687 247 3752 0,
265 3689 346 3739 Prisc.
358 3687 407 3738 ool.
418 3686 479 3752 Hp.
489 3688 548 3752 455,
567 3693 593 3739 et
611 3702 660 3738 orn.
671 3635 760 3755 PVeqlt
775 3691 801 3739 ll
818 3694 843 3740 et
861 3689 995 3741 intuemini
1004 3690 1084 3738 lidae.
1097 3686 1112 3736 l.
1124 3703 1143 3738 a.
1157 3685 1166 3754 ll
1183 3690 1214 3740 lb

143 3753 210 3805 iusta
224 3771 252 3820 p,
269 3757 336 3809 iuste
346 3757 369 3807 P
379 3754 388 3822 ll
403 3756 433 3807 18
451 3754 558 3808 foroxP
568 3755 577 3823 ΙΙ
591 3758 621 3808 19
639 3753 728 3823 impari
744 3757 767 3807 P
782 3760 844 3807 teste
856 3759 959 3810 Wirza'o
972 3755 981 3823 ll
995 3754 1098 3807 adiecit
1110 3754 1158 3819 PC,
1177 3756 1214 3807 ait

144 3820 185 3885 Cli
198 3823 229 3870 26
248 3822 296 3872 sibi
309 3841 344 3874 aa
357 3822 481 3889 simulPll
495 3827 526 3875 27
545 3823 616 3876 illum
635 3822 674 3874 his
686 3823 768 3875 tribus
782 3830 865 3890 pauci
875 3826 896 3878 C
904 3823 914 3893 ll
928 3822 1092 3890 adoptatione
1103 3823 1151 3888 PC,
1170 3824 1213 3875 ad-

142 3888 246 3955 optione
266 3889 292 3954 C,
311 3891 360 3942 del.
379 3892 488 3943 Dietseb
499 3893 508 3960 ll
523 3895 554 3946 37
573 3891 731 3960 propriaque
749 3892 888 3944 tebssauris
905 3891 947 3960 Pil
962 3894 992 3944 38
1014 3890 1141 3958 thyrmids
1159 3893 1182 3942 P
