2692 4350
161 148 223 209 132
402 104 532 204 lucrari
551 149 747 203 SALLUSTlUS
766 149 809 201 Ab
828 148 1003 202 CAESAREM

130 308 251 370 salium
274 307 357 386 quasi
380 306 602 386 prudentiorem
630 306 731 368 secuti.
762 306 915 386 peridem
935 313 1053 385 tempus
1074 304 1238 367 maledictis

162 394 350 473 ineiquorum
372 393 563 472 occupandae
585 392 628 452 rei
651 391 786 471 publicae
808 392 839 453 in
854 411 938 471 spem
959 391 1076 452 adducti
1090 391 1239 464 homines,

163 478 270 558 quibus
286 477 383 538 omnia
406 476 516 556 probro
534 496 569 539 ac
582 476 697 537 luxuria
712 476 824 556 polluta
839 485 931 551 erant,
947 495 1126 538 concurrere
1141 476 1172 537 in
1189 493 1240 536 oa·

163 573 221 625 stra
237 571 286 624 tua
302 573 332 623 et
346 573 447 640 aperto
461 562 586 641 quieteis
601 570 726 622 mortem
739 561 867 641 rapinas,
883 570 1033 641 postremo
1049 561 1147 623 omnia
1162 579 1240 639 quae

131 658 146 708 6
163 657 303 727 corrupto
318 647 415 708 animo
431 647 559 721 lubebat,
573 646 713 708 minitari.
749 666 784 707 ex
798 645 883 725 queis
904 665 1009 726 magna
1023 665 1102 726 pars,
1117 645 1170 706 ubi
1185 665 1242 707 ne·
1264 654 1279 705 t

163 753 221 813 que
235 731 378 793 creditum
395 732 574 793 condonarei
596 750 694 811 neque
708 742 738 793 te
752 732 864 793 civibus
886 732 973 792 sicuti
987 731 1123 792 hostibus
1137 730 1181 792 uti
1196 731 1241 790 vi-

163 823 249 891 dent,
265 817 429 890 defluxere,
449 817 536 896 pauci
549 816 700 893 restitere,
723 817 830 896 quibus
850 816 946 878 maius
967 817 1060 878 otium
1081 817 1112 877 in
1134 815 1240 876 castris

163 921 251 982 quam
279 901 389 962 Romae
413 901 549 963 futurum
571 910 648 962 erat:
681 912 762 962 tanta
788 903 831 963 vis
846 902 1024 963 creditorum
1047 901 1239 981 inpendebat.

131 999 146 1050 Ἰ
163 989 214 1049 sed
229 987 268 1048 ob
284 988 400 1047 easdem
416 1005 518 1048 causas
533 989 660 1048 immane
672 987 782 1048 dictust
797 988 898 1065 quanti
914 995 943 1047 et
958 1005 1045 1066 quam
1060 986 1146 1047 multi
1157 1003 1240 1046 mor-

163 1073 236 1134 tales
251 1081 353 1152 postea
369 1071 404 1132 ad
419 1071 594 1151 Pompeium
616 1072 813 1139 discesserint,
837 1090 933 1150 eoque
948 1090 1002 1151 per
1017 1089 1105 1132 omne
1120 1079 1240 1150 tempus
1264 1079 1294 1130 to

164 1157 234 1221 bebi
248 1156 333 1236 quasi
348 1174 431 1217 sacro
446 1165 534 1235 atque
549 1156 706 1236 inspoliato
721 1158 790 1218 lano
805 1156 952 1218 debitores
967 1157 1023 1216 usi.

128 1246 147 1302 3
249 1242 343 1319 Igitur
363 1242 502 1321 quoniam
523 1241 576 1302 tibi
597 1242 700 1303 victori
722 1243 759 1302 de
780 1241 857 1302 bello
879 1249 1050 1321 atquepace
1071 1240 1243 1319 agitandum

165 1336 226 1402 est,
242 1328 300 1388 hoc
315 1326 357 1387 uti
372 1326 495 1387 civiliter
508 1328 648 1406 deponas,
663 1327 712 1388 illa
726 1335 760 1388 ut
780 1345 868 1406 quam
883 1326 1042 1387 iustissima
1058 1334 1088 1386 et
1101 1325 1243 1386 diuturna

166 1413 213 1486 sit,
229 1413 265 1472 de
286 1412 395 1489 teipso
417 1412 562 1491 primum,
583 1411 634 1490 qui
657 1431 691 1472 ea
713 1411 931 1491 compositurus
945 1430 993 1486 es,
1009 1412 1080 1490 quid
1095 1411 1243 1490 optimum

134 1499 244 1559 ulaotu
259 1496 298 1558 sit
318 1496 459 1558 existima.
489 1497 627 1576 equidem
649 1515 704 1574 ego
729 1504 836 1557 cuncta
856 1496 979 1575 imperia
1001 1496 1129 1557 crudelia
1144 1495 1241 1573 magis
1266 1504 1295 1554 15

166 1582 270 1644 acerba
285 1599 373 1658 quam
385 1581 524 1641 diuturna
540 1580 675 1655 arbitror,
686 1600 784 1660 neque
800 1598 977 1659 quemquam
989 1581 1088 1641 multis
1103 1588 1242 1641 metuen-

166 1669 236 1727 dum
252 1683 326 1740 osse,
351 1665 422 1744 quin
446 1666 481 1725 ad
503 1684 569 1726 eum
592 1683 628 1725 ex
648 1665 749 1726 multis
771 1665 896 1725 formido
912 1666 1056 1726 reccidat:
1073 1683 1137 1726 eam
1152 1665 1243 1725 vitam

165 1751 278 1812 bellum
292 1758 445 1810 aeternum
460 1758 490 1810 et
504 1769 612 1829 anceps
627 1769 741 1830 gerere,
764 1751 902 1830 quoniam
918 1769 1016 1830 neque
1031 1752 1170 1812 adversus
1186 1768 1243 1809 ne·

168 1854 225 1916 que
240 1835 276 1896 ab
292 1843 376 1912 tergo
392 1843 442 1896 aut
456 1834 597 1896 lateribus
608 1844 690 1898 tutus
705 1835 755 1910 sis,
768 1853 885 1915 semper
899 1836 931 1896 in
946 1835 1079 1915 periculo
1094 1844 1145 1896 aut
1159 1840 1242 1895 metu

135 1932 150 1983 3
167 1921 268 2000 agites.
299 1929 400 1981 contra
418 1921 468 1999 qui
479 1920 660 1998 benignitate
669 1928 698 1981 et
708 1921 863 1983 clementia
872 1921 1029 2000 imperium
1040 1929 1244 1999 temperavere
1265 1926 1309 1979 20'

167 2008 203 2067 iis
218 2006 291 2066 laeta
307 2016 336 2065 et
351 2005 474 2066 candida
489 2005 587 2066 omnia
602 2006 671 2079 visa,
688 2006 774 2067 otiam
788 2006 889 2066 hostes
904 2006 1058 2083 aequiores
1073 2023 1160 2085 qnam
1175 2003 1243 2065 aliis

135 2101 152 2152 4
168 2091 256 2153 cives.
285 2090 362 2151 baud
378 2089 439 2150 scio
454 2108 492 2151 an
508 2090 559 2169 qui
573 2109 620 2152 me
634 2091 680 2151 his
696 2090 780 2151 dictis
801 2098 1006 2170 corruptorem
1020 2090 1158 2151 victoriae
1172 2097 1244 2150 tuae

168 2177 316 2255 nimisque
337 2175 368 2235 in
384 2175 476 2238 victos
498 2175 575 2236 bona
595 2175 744 2237 voluntate
764 2175 944 2254 praedicent.
975 2175 1087 2237 scilicet
1101 2175 1182 2254 quod
1197 2192 1242 2247 ca,

169 2280 246 2340 quae
260 2260 367 2321 exteris
382 2259 551 2321 nationibus
564 2268 668 2321 natura
683 2260 770 2321 nobis
781 2260 915 2321 hostibus
930 2279 1046 2339 nosque
1056 2262 1245 2337 maioresque

168 2345 263 2407 nostri
274 2344 509 2424 saepetribuere,
521 2364 553 2406 ea
565 2345 677 2406 civibus
688 2345 784 2406 danda
794 2345 921 2406 arbitror
932 2364 1029 2425 neque
1040 2345 1164 2405 barbaro
1179 2344 1243 2405 ritu
1264 2354 1295 2405 to

133 2435 154 2492 4
169 2431 258 2492 caede
272 2430 388 2490 caedem
401 2438 430 2490 et
441 2430 614 2507 sanguinem
625 2430 769 2508 sanguine
781 2429 934 2510 expianda.
964 2431 1069 2505 anilla,
1081 2446 1243 2510 quaepeu-

168 2516 198 2576 lo
214 2522 281 2576 ante
295 2513 477 2574 bochellum
492 2514 522 2575 in
539 2513 592 2574 Cn.
612 2514 786 2594 Pompeium
808 2514 1017 2594 victoriamque
1031 2515 1180 2578 Sullanam
1195 2513 1245 2574 in·

169 2599 381 2679 crepabantur,
405 2597 510 2658 oblivio
538 2599 700 2660 interiecit:
722 2598 892 2673 Domitium,
919 2599 1091 2676 Carbonem,
1107 2600 1243 2674 brutum,

170 2683 244 2745 alios
255 2683 323 2743 item
337 2701 397 2742 non
409 2690 535 2743 armatos
547 2701 647 2761 neque
662 2684 692 2743 in
705 2683 819 2762 proelio
831 2683 900 2744 belli
915 2685 980 2745 iure
995 2686 1047 2746 sed
1057 2695 1158 2765 postea
1169 2702 1245 2762 sup·

169 2768 261 2848 plioes
276 2785 331 2846 per
345 2785 491 2828 summum
508 2767 604 2828 scelus
618 2768 806 2842 interfectos,
821 2767 938 2848 plebem
954 2769 1112 2831 Romanam
1128 2769 1158 2830 in
1174 2768 1243 2829 villa
1266 2777 1299 2828 30

138 2863 154 2914 2
170 2852 289 2933 publica
303 2852 420 2932 pecoris
435 2852 522 2913 modo
536 2851 736 2915 conscissam?
752 2855 828 2915 eheu
838 2872 925 2933 quam
941 2853 988 2916 illa
1005 2855 1119 2916 occulta
1134 2853 1245 2915 civium

170 2939 275 3000 funera
291 2948 320 3001 et
341 2937 512 3017 repentinae
534 2938 654 3014 caedes,
675 2939 707 3001 in
722 2946 879 3018 parentum
902 2947 952 3000 aut
967 2939 1127 3001 liberorum
1142 2938 1246 3000 sinum

170 3024 241 3101 suga
254 3023 412 3084 mulierum
427 3032 457 3084 et
478 3042 657 3103 puerorum,
681 3024 801 3086 vastatio
818 3024 958 3085 domuum
973 3033 1040 3085 ante
1055 3032 1166 3103 partam
1183 3043 1200 3086 a
1213 3033 1245 3084 te

140 3119 154 3169 3
171 3109 322 3170 victoriam
337 3126 420 3168 saeva
440 3116 528 3187 atque
549 3109 679 3170 crudelia
701 3109 799 3170 erantl
821 3109 857 3169 ad
879 3126 954 3188 quae
979 3118 1008 3170 te
1023 3109 1099 3170 idem
1115 3109 1156 3169 illi
1171 3109 1265 3169 bor-.

170 3201 284 3256 tantur:
298 3194 348 3269 [et]
364 3191 476 3253 scilieet
497 3192 526 3253 id
542 3200 683 3254 certatum
700 3212 775 3268 esse,
787 3192 882 3254 utrius
892 3201 1022 3254 vestrum
1032 3194 1151 3254 arbitrio
1163 3192 1243 3254 iniu—
1268 3202 1299 3253 35

170 3279 231 3340 riae
245 3279 360 3352 tierent,
376 3295 474 3355 neque
489 3287 637 3357 receptam
653 3278 703 3340 sed
719 3286 832 3357 captam
848 3297 864 3338 a
879 3285 908 3339 te
923 3297 986 3340 rem
1002 3279 1149 3359 publicam
1165 3286 1195 3339 et
1209 3296 1246 3340 ea

171 3382 259 3426 causa
283 3361 429 3424 exercitus
450 3362 604 3442 stipendiis
631 3362 773 3425 confectis
796 3363 924 3442 optimos
945 3371 974 3424 et
993 3364 1164 3425 veterrimos
1180 3381 1246 3425 orn-

172 3449 256 3512 nium
268 3449 423 3509 advorsum
434 3447 540 3508 fratres
548 3448 738 3528 parentisque
752 3447 810 3526 [alii
820 3446 938 3525 liberos]
951 3448 1039 3509 armis
1047 3450 1244 3522 contenderc3

172 3542 205 3596 ut
227 3553 262 3595 ex
283 3532 387 3595 alienis
415 3532 499 3593 malis
520 3533 678 3594 deterrumi
700 3533 839 3594 mortales
858 3533 954 3594 ventri
976 3543 1064 3613 atque
1079 3534 1247 3613 profundae

240 3688 255 3738 6
274 3681 426 3735 condonarei
443 3685 540 3749 scripsi
557 3689 666 3734 auctore
684 3681 773 3734 Cortio
799 3686 857 3750 (qui
876 3683 1032 3748 condonari),
1057 3684 1202 3736 condonare
1220 3683 1252 3735 V

171 3749 181 3819 ΙΙ
200 3753 230 3806 12
247 3751 363 3813 sortasse
379 3765 443 3818 pace
460 3759 538 3818 atque
555 3751 624 3803 bello
638 3749 648 3819 ΙΙ
662 3754 692 3804 13
709 3754 739 3802 ut
751 3758 815 3818 poet
830 3751 875 3803 illa
891 3755 1007 3802 intumuit
1020 3751 1112 3815 Aldus,
1130 3767 1181 3802 om.
1200 3751 1230 3803 V
1235 3750 1247 3820 ΙΙ

172 3822 203 3871 21
230 3820 363 3888 aequiores
386 3835 462 3887 quam
486 3819 542 3871 aliis
569 3819 679 3884 Carrio,
705 3820 841 3886 nequiores
867 3835 944 3887 quam
967 3820 1011 3871 alii
1029 3819 1055 3871 V
1064 3818 1073 3886 l
1093 3821 1126 3871 nt
1150 3820 1246 3873 exteris

171 3889 275 3954 scripsi,
295 3888 406 3941 externis
424 3888 453 3941 V
461 3887 471 3956 l
483 3890 515 3942 35
534 3891 560 3940 et
578 3888 663 3939 delevi
675 3885 685 3955 ΙΙ
697 3888 729 3940 38
751 3888 794 3939 alii
811 3887 906 3941 liberos
923 3888 1009 3940 dolove·
