2692 4350
341 157 524 210 PRAEFATIO
542 156 704 210 uuturottts
723 156 900 210 SECUNDAE.
1136 176 1162 212 x1

89 315 178 375 trium
201 323 261 389 est,
290 333 371 374 nunc
401 312 525 375 exhibeo
554 331 569 372 a
592 311 847 374 Studemundo
870 322 899 374 et
921 333 936 374 a
957 333 1005 375 me
1027 334 1052 375 a.
1080 315 1158 378 1867
1229 342 1232 347 ·

89 399 248 460 coniuncta
270 417 360 478 opera
382 398 489 458 iterum
512 397 717 458 examinatum.
763 399 842 477 quod
865 399 1016 476 negotium
1039 399 1108 461 licet
1130 399 1160 460 in

89 482 238 564 plerisque
261 484 336 545 male
359 483 491 556 cesserit,
513 490 547 542 ut
568 482 816 561 acquiescendum
839 483 982 545 fueritin
1013 484 1055 544 eis
1084 503 1161 562 quae
1232 478 1235 483 ’

89 569 159 628 clim
181 569 297 629 Pertzio
320 575 539 647 apparuerunt,
561 574 659 627 tamen
689 575 805 645 praeter
833 568 887 628 alia
918 569 1100 629 confirmavit
1128 589 1161 630 ea

89 672 165 731 quae
190 654 300 732 prioris
329 651 466 713 editionis
493 651 674 730 praefatione
704 659 805 712 contra
828 651 975 713 Portzium
1006 653 1159 731 disputavi.

30 735 48 747 ’”
89 738 125 798 de
147 739 193 798 his
216 756 336 817 quoque
351 737 468 816 plenius
482 736 607 796 relatum
622 734 747 797 Hermae
762 737 894 798 secundo
909 757 940 817 p.
957 738 996 799 82
1013 757 1051 798 11.
1075 757 1161 816 prae·

88 832 167 885 terea
183 821 424 884 commentariolo
439 839 504 881 meo
520 820 633 882 inserui
651 823 851 882 coniecturam
866 822 992 882 Momm
1002 821 1084 882 seni
1108 841 1162 900 per

89 909 201 968 litteras
223 925 339 967 mecum
362 908 605 967 communicatam
629 925 654 966 a.
681 909 771 970 1868.

176 992 279 1053 Curavi
301 992 390 1070 igitur
413 1000 445 1052 ut
459 990 540 1051 Bella
554 990 685 1052 Sallustii
700 991 957 1069 Historiarumquc
979 991 1058 1069 quod
1080 991 1162 1051 codi-

90 1077 175 1137 cibus
196 1084 339 1138 servatum
363 1085 406 1137 est
428 1082 508 1151 (nam
531 1094 564 1135 ea
587 1094 662 1154 1111
690 1076 953 1154 grammaticorum.
977 1075 1161 1155 aliorumque

90 1162 266 1222 testimoniis
288 1161 434 1222 debentur
459 1179 541 1221 nunc
557 1176 676 1238 quoque
692 1161 823 1239 seposui)
846 1161 953 1221 iterum
969 1179 1057 1239 quarn
1073 1179 1161 1221 accu-

91 1246 234 1308 ratissime
248 1248 408 1308 ederentur
429 1246 465 1306 ad
487 1245 573 1305 sidem
589 1244 724 1305 codicum
741 1245 978 1325 archetyporum.
1012 1264 1027 1304 a
1043 1245 1161 1306 coniec-

89 1333 163 1391 turis
179 1331 396 1405 enumerandis,
420 1348 544 1410 quarum
560 1329 692 1391 subolem
708 1337 777 1409 post
790 1348 902 1391 annum
920 1331 998 1394 1867
1015 1329 1162 1408 pullulare

89 1434 150 1476 non
168 1417 278 1478 desisse
299 1424 533 1476 consentaneum
552 1425 604 1490 est,
627 1434 709 1475 nunc
731 1433 849 1494 quoque
868 1415 1004 1476 consulto
1022 1413 1161 1490 abstinui,

89 1500 145 1560 nisi
161 1501 239 1579 quod
255 1501 421 1579 praeclarae
436 1500 467 1561 in
483 1500 529 1560 bis
544 1500 650 1561 litteris
665 1499 845 1561 auctoritatis
861 1499 1031 1560 nominibus
1051 1499 1161 1578 aliquid

88 1585 271 1663 largiendum
293 1585 358 1646 luit.
396 1591 426 1645 et
448 1585 607 1645 admonere
630 1594 745 1664 poterat
760 1604 810 1646 eos
833 1585 884 1663 qui
901 1586 1010 1664 optima
1026 1603 1161 1664 quaeque

88 1670 265 1748 corrigendo
288 1670 443 1749 scriptoris
466 1669 629 1730 difficillimi
652 1670 748 1730 verbis
771 1688 985 1748 saepenumero
1008 1688 1061 1748 per
1083 1669 1161 1730 ludi·

88 1753 185 1814 brium
201 1753 391 1828 insudarunt,
407 1754 461 1814 viri
472 1755 579 1815 summi
591 1773 739 1834 quemquo
754 1755 884 1815 habitare
896 1756 925 1815 in
939 1755 993 1814 bac
1005 1762 1084 1815 certe
1095 1753 1161 1815 lati·

89 1857 193 1899 narum
205 1840 368 1900 litterarum
380 1846 463 1917 parte
474 1839 520 1900 vix
531 1840 687 1923 quisquam
695 1840 853 1916 negaverit,
865 1839 1016 1900 Nioolai
1027 1840 1078 1899 Ma
1087 1840 1105 1900 d
1113 1858 1128 1897 v
1136 1840 1161 1899 1-

89 1923 140 2001 gii
156 1923 346 1983 continentia.
371 1941 431 2000 quo
447 1923 557 1998 gratius
572 1923 644 1983 mibi
659 1923 764 1983 accidit
780 1924 859 2001 quod
874 1942 940 1983 cum
953 1942 1101 2002 perpauca
1112 1923 1161 1982 ille

90 2006 220 2066 Sallustii
242 2004 349 2065 menda
371 2023 474 2065 sanare
495 2014 618 2065 conatus
634 2006 673 2066 sit
687 2006 928 2066 adversariorum
943 2006 1091 2066 volumine
1114 2025 1161 2066 se-

89 2089 205 2162 cundo,
233 2089 373 2149 binorum
397 2097 477 2148 certe
498 2088 640 2151 medelam
669 2090 814 2150 invenerit
843 2108 905 2150 eam
934 2090 964 2148 in
995 2108 1082 2167 quam
1107 2109 1161 2169 ego

90 2192 211 2253 quoque
226 2173 324 2247 incidi,
350 2173 470 2234 alterius
486 2182 569 2235 antea
586 2192 647 2235 non
663 2174 792 2254 suspecti
808 2174 872 2251 lug.
888 2175 939 2253 95,
956 2175 985 2247 3,
1009 2173 1129 2234 alterius
1145 2193 1162 2235 a

89 2259 190 2319 multis
211 2259 320 2319 frustra
344 2259 474 2336 temptati
492 2277 534 2320 or.
551 2258 654 2338 Lepidi
672 2263 722 2335 20,
739 2278 825 2338 quem
842 2259 961 2337 quidem
977 2259 1016 2319 ita
1032 2267 1065 2319 ut
1080 2278 1162 2321 nuuc

89 2343 244 2406 exhibetur
267 2343 453 2404 emendatum
476 2343 660 2405 auditoribus
681 2345 756 2405 meis
779 2345 911 2405 enarravi
926 2344 1038 2427 aliquot
1054 2343 1162 2405 abhinc

88 2428 185 2489 annis.
230 2436 381 2507 praeterea
403 2428 505 2506 plures
527 2447 613 2507 quam
641 2429 728 2506 vulgo
751 2429 881 2490 creditur
904 2430 934 2489 in
958 2439 1089 2491 extremo
1112 2429 1161 2489 lu-

90 2514 194 2592 gurtlra
227 2513 309 2573 locos
339 2513 548 2574 vocabulorum
581 2514 625 2574 vel
660 2514 845 2592 singulorum
885 2514 929 2574 vel
962 2514 1160 2592 complurium

90 2592 249 2659 omissione
277 2597 392 2658 lunatos
421 2617 454 2658 11
483 2598 588 2659 deinde
616 2598 714 2660 inlatis
744 2599 807 2659 aliis
834 2600 910 2660 male
939 2609 1066 2661 resartos
1096 2618 1161 2659 osse

89 2683 240 2744 existimo:
265 2701 290 2742 c.
315 2684 366 2757 88,
382 2685 411 2742 4.
428 2684 478 2755 92,
495 2684 524 2743 7.
543 2685 646 2757 10111
672 2683 734 2755 (ubi
759 2685 837 2763 quod
859 2684 1057 2762 Nipperdeius
1088 2703 1160 2744 con·

89 2767 158 2830 iecit
179 2768 255 2830 Mus.
275 2768 360 2827 rhen.
379 2769 460 2829 1874
482 2787 511 2845 p.
529 2769 591 2831 266
613 2768 726 2830 1111111
741 2788 808 2830 itam
824 2778 892 2847 post
910 2768 1028 2830 11111111
1043 2768 1161 2829 11111111

89 2852 219 2914 Sallustii
241 2870 362 2913 manum
385 2869 446 2912 non
469 2853 561 2929 magis
583 2852 679 2931 probo
702 2872 788 2933 quam
812 2862 924 2914 ceteras
951 2854 1014 2913 eius
1045 2852 1160 2913 111111-

88 2946 171 2997 turas
186 2935 287 2998 eodem
301 2937 368 2997 loco
384 2937 573 3016 propositas).
618 2939 690 2999 baec
705 2947 792 3016 atque
807 2937 871 3012 alia,
887 2937 975 2998 veluti
991 2937 1160 2998 restitutum

90 3020 228 3082 Sallustio
249 3021 416 3083 adverbium
439 3033 567 3083 1111111111
589 3022 664 3100 (lug.
689 3041 713 3083 c.
740 3024 888 3098 11111),
912 3039 1000 3100 spero
1023 3039 1070 3081 me
1092 3020 1161 3083 alibi

88 3106 193 3185 peritis
214 3106 360 3167 iudicibus
383 3125 447 3167 esse
469 3106 672 3185 probaturum.
716 3106 823 3168 intacta
845 3106 950 3187 reliqui
973 3106 1064 3167 multa
1087 3124 1161 3185 quae

88 3189 234 3271 probabili
262 3191 374 3252 ratione
401 3210 504 3261 sanare
532 3192 663 3252 nondum
695 3184 832 3269 contigit,
867 3211 940 3252 non
971 3210 1009 3252 ea
1039 3191 1160 3252 solum

90 3293 184 3356 quae
206 3293 318 3335 cruce
341 3276 469 3338 notavi
492 3286 629 3355 utpote
651 3277 763 3356 paulo
787 3277 975 3355 graviora.
1013 3294 1046 3335 ac
1070 3275 1161 3337 satius

87 3361 193 3420 fuisset
214 3359 285 3419 huic
308 3360 409 3437 generi
432 3361 518 3422 etiam
540 3361 588 3422 illa
605 3362 664 3423 Cat.
682 3365 732 3437 35,
749 3363 767 3424 3
792 3367 862 3433 (11111
884 3359 1161 3442 11111111111111111

31 3456 35 3467 ·
88 3464 113 3505 1.
138 3463 166 3522 q.
190 3447 226 3520 s.)
249 3445 458 3506 adnumerare:
491 3448 563 3507 haec
585 3447 664 3508 enim
692 3447 778 3508 verba
804 3466 902 3526 neque
924 3444 1084 3525 Nipperdoi
1107 3463 1160 3525 pa-

88 3530 215 3590 trocinio
239 3529 404 3605 (112051
427 3550 525 3609 neque
547 3532 718 3593 coniectura
732 3551 795 3593 mea
818 3533 854 3592 ab
877 3531 958 3593 omni
978 3528 1161 3592 dubitatione

87 3614 232 3675 vindicata
254 3632 319 3674 esse
342 3632 408 3674 sero
432 3615 570 3677 intellexi.

173 3700 215 3761 De
236 3698 343 3760 incerti
371 3699 499 3760 rhetoris
520 3701 668 3762 Suasonus
696 3720 733 3761 au
759 3701 912 3762 81111111
934 3717 1027 3758 smum
1057 3717 1094 3760 11
1123 3718 1160 3760 aa

87 3803 205 3845 1111111
221 3784 374 3864 inscriptis
389 3783 478 3864 paulo
493 3786 658 3848 accuratius
674 3785 803 3864 quaesivi
818 3784 917 3845 libello
934 3782 1012 3844 edito
1027 3801 1052 3844 1.
1068 3785 1160 3847 1867.

88 3887 188 3930 carum
210 3871 329 3931 alteram
353 3888 418 3930 esse
442 3868 596 3947 epistulam
619 3872 684 3950 ipsc
700 3870 830 3949 scriptor
850 3875 984 3942 testatur,
1008 3886 1073 3930 csse
1095 3886 1162 3928 ora·
