2692 4350
143 167 202 228 122
484 169 527 221 EX
546 169 701 223 SALLUSTI
718 170 875 224 HISTORIIS

142 336 204 389 tum
219 344 322 407 pacem
334 343 430 404 agere,
447 324 514 387 dein
530 327 610 404 quod
633 326 784 404 quaesitur
799 325 908 387 satisne
922 326 1005 405 pium
1026 335 1122 388 tutum
1146 326 1212 405 glo-

107 419 123 469 t
140 413 252 472 riosnm
267 429 303 471 an
319 411 493 473 indecorum
508 411 555 471 sit.
590 408 614 490 †
629 409 681 470 tihi
696 410 721 471 si
736 419 879 491 perpetua
894 430 965 490 pace
981 411 1038 473 frui
1053 411 1136 487 licet,
1153 411 1213 473 nisi

141 499 241 559 hostes
257 495 420 576 opportuni
435 503 464 557 et
476 495 695 570 scelestissumi,
718 496 834 576 egregia
848 496 934 570 lama,
950 495 975 557 si
990 495 1139 557 Romanos
1155 515 1211 576 op·

140 581 293 662 presseris,
310 581 408 642 lutura
424 588 477 641 est.
507 599 605 660 neque
620 589 721 659 petere
735 581 859 642 audeam
873 581 1040 642 societatem
1055 591 1085 643 et
1100 582 1212 642 frustra

109 672 123 721 3
140 667 214 729 mala
225 684 289 726 mea
301 684 368 726 cum
379 665 533 726 honistuis
544 664 660 726 misceri
671 683 797 745 sperem.
820 674 961 745 atquem,
974 665 1212 745 quaetemorari
1234 677 1248 729 5

140 771 228 832 posse
242 751 388 824 videntur,
405 751 447 812 ira
461 750 492 810 in
504 749 661 829 Tigranem
677 751 804 812 recentis
818 750 887 812 belli
903 758 931 812 et
946 769 1027 812 meae
1041 769 1089 813 res
1103 769 1212 831 parum

108 842 124 891 4
141 854 309 916 prosperae,
333 836 358 895 si
372 854 439 896 vera
461 835 637 896 existumare
651 835 748 910 voles,
774 854 908 896 maxume
923 834 1130 897 hortabuntur.
1160 835 1212 898 ille

141 923 219 983 enim
235 920 380 982 obnoxius
395 920 511 999 qualem
526 931 559 982 tu
573 921 653 982 voles
668 920 837 982 societatem
848 919 981 1000 accipiet,
995 921 1068 981 mihi
1079 920 1210 995 senuna,

140 1007 239 1068 mulus
257 1005 347 1067 rebus
361 1005 480 1085 ereptis,
498 1023 585 1066 usum
604 1005 684 1066 dedit
698 1005 773 1067 bene
789 1005 930 1066 suadendi
946 1016 984 1080 et,
1006 1005 1085 1084 quod
1099 1006 1212 1067 Iloren-

32 1134 36 1141 -
139 1092 218 1154 tibus
233 1090 360 1171 o'ptahile
376 1098 430 1165 est,
447 1108 501 1168 ego
519 1109 579 1151 non
594 1090 799 1151 validissumus
811 1090 937 1168 praebeo
955 1090 1130 1170 exemplum,
1149 1108 1210 1170 quo
1234 1100 1265 1152 ιο

108 1183 122 1230 5
139 1177 250 1238 rectius
264 1184 313 1236 tue
329 1193 491 1255 conponas.
520 1193 649 1254 namque
663 1175 810 1235 Romanis,
825 1193 892 1236 cum
908 1175 1077 1236 nationibus
1091 1176 1213 1255 populis

139 1261 259 1340 regibus
271 1260 386 1322 cunctis
397 1278 456 1321 una
469 1269 497 1321 et
508 1279 541 1321 ea
551 1267 634 1322 vetus
646 1279 734 1321 causa
744 1259 871 1321 bellandi
879 1268 932 1333 est,
943 1260 1050 1339 cupido
1061 1260 1212 1340 profunda

140 1347 245 1426 imperi
260 1353 289 1407 ct
304 1345 478 1406 divitiarum.
509 1363 565 1424 qua
581 1345 677 1425 primo
694 1363 761 1405 cum
778 1362 848 1423 rege
862 1345 1055 1405 Macedonum
1071 1344 1211 1425 Philippo

106 1431 249 1492 ibellum
270 1448 439 1509 sumpsere,
462 1430 531 1491 dum
553 1428 874 1508 adarthaginiensihus
894 1429 1114 1509 premebantur,
1136 1430 1211 1492 ami-

139 1516 236 1577 citiam
248 1515 428 1577 simulantes.
455 1515 480 1576 ei
496 1514 718 1576 subvenientem
729 1515 907 1576 Antiochum
919 1514 1110 1575 concessione
1124 1515 1211 1577 Asiae
1234 1524 1263 1575 15

139 1620 193 1680 per
207 1601 308 1660 dolum
322 1608 471 1673 avortere,
493 1618 526 1659 ac
540 1617 609 1659 mox
624 1599 716 1661 fracto
731 1598 867 1679 Philippo
883 1600 1047 1660 Antiochus
1062 1599 1144 1661 omui
1166 1600 1211 1663 cis

107 1691 120 1739 7
138 1685 268 1747 Taurum
284 1703 354 1764 agro
371 1693 401 1746 et
414 1684 515 1744 decem
533 1683 650 1744 milibus
664 1684 845 1745 talentorum
861 1684 1003 1763 spoliatus
1019 1692 1070 1746 est.
1097 1684 1210 1747 Persen

139 1769 244 1831 deinde
266 1769 395 1849 Philippi
418 1768 509 1830 filium
532 1778 599 1848 post
619 1770 709 1830 multa
727 1777 755 1830 et
775 1769 851 1830 varia
875 1769 1033 1831 certamina
1054 1769 1133 1849 apud
1155 1769 1208 1831 Sa-

138 1855 304 1916 mothracas
319 1854 390 1915 deos
404 1862 556 1933 acceptum
573 1854 603 1914 in
619 1854 705 1915 fidem
722 1853 816 1915 callidi
832 1863 861 1915 et
876 1862 1044 1933 repertores
1059 1854 1207 1933 perfidae,

106 1945 120 1995 8
139 1940 206 2019 quia
222 1949 307 2019 pacto
322 1940 409 2000 vitam
426 1940 577 2013 dederant,
592 1939 748 2000 insomniis
763 1938 907 2001 occidere.
933 1939 1106 2011 Eumenem,
1123 1939 1209 2000 euius
1230 1948 1261 2001 to

138 2025 294 2087 amicitiam
306 2024 434 2103 gloriose
446 2031 604 2100 ostentant,
615 2024 699 2084 Initio
711 2024 867 2104 prodidere
874 2024 1030 2098 Antiocho,
1042 2024 1124 2103 pacis
1130 2042 1211 2086 mer·

138 2111 254 2184 cedem3
271 2119 349 2189 post,
363 2110 496 2171 habitum
508 2109 657 2170 custodiae
671 2109 734 2187 agri
749 2109 864 2188 captivi,
880 2109 1046 2188 sumptibus
1058 2119 1087 2170 et
1101 2117 1212 2170 contu-

137 2195 232 2256 meliis
248 2214 284 2255 ex
299 2213 367 2273 rege
380 2196 589 2256 miserrumum
600 2212 750 2255 servorum
763 2194 895 2267 effecere,
911 2194 1107 2273 simulatoque
1125 2194 1212 2274 inpio

137 2287 324 2353 testamento,
338 2279 431 2340 filium
447 2280 510 2341 elus
527 2279 737 2353 Aristonicum,
759 2279 826 2357 quia
842 2279 968 2359 patrium
990 2297 1116 2357 regnum
1132 2279 1212 2358 peti-

105 2369 120 2419 9
137 2373 225 2438 verat,
241 2365 369 2426 hostium
381 2383 463 2425 more
478 2382 532 2444 per
544 2364 727 2444 triumphum
739 2362 857 2437 duxere3
873 2363 941 2426 Asia
952 2363 987 2424 ah
1003 2364 1076 2444 ipsIs
1088 2362 1211 2426 obsessa
1232 2372 1262 2425 25

138 2459 191 2511 est.
217 2458 366 2529 postremo
377 2449 552 2528 Bithanam,
564 2449 722 2510 Nicomede
734 2457 861 2522 mortuo,
877 2449 1034 2528 diripuere,
1051 2467 1119 2509 cum
1130 2448 1212 2511 filius

91 2539 121 2588 10
138 2534 223 2613 Nysa,
240 2553 328 2613 quam
343 2535 474 2612 reginam
489 2533 692 2612 appellaverat,
708 2534 826 2612 genitus
840 2533 918 2595 haud
932 2533 1021 2595 dubie
1036 2543 1122 2594 esset

222 2619 294 2679 Nam
311 2618 380 2697 quid
396 2636 450 2695 ego
466 2637 513 2678 me
527 2615 694 2697 appellem?
716 2636 804 2696 quem
826 2617 990 2679 diianctum
1013 2618 1146 2697 undique
1160 2636 1211 2680 re-

139 2703 205 2781 gnis
221 2713 250 2764 et
265 2703 430 2764 tetrarchiis
444 2703 480 2764 ab
496 2702 620 2782 imperio
636 2721 755 2777 eorum,
774 2703 842 2782 quie
856 2702 931 2764 lama
946 2710 1007 2764 erat
1022 2703 1139 2764 divitem
1154 2721 1212 2764 ue·

137 2807 195 2866 que
211 2788 388 2850 serviturum
404 2806 477 2860 esse,
493 2806 548 2868 per
558 2788 747 2849 Nicomedem
755 2787 833 2849 hello
852 2788 1070 2860 lacessiverunt,
1086 2787 1210 2850 scelerIs
1233 2796 1264 2849 3⁰

138 2892 239 2933 eorum
262 2873 340 2934 haud
362 2874 496 2951 ignarum
513 2883 541 2936 et
563 2891 596 2934 ea
618 2891 692 2951 quae
711 2873 854 2947 accidere,
876 2880 1014 2934 testatum
1036 2880 1119 2934 antea
1136 2872 1210 2934 Cre-

136 2961 238 3033 tensis,
252 2960 330 3019 solos
342 2959 474 3019 omnium
485 2958 594 3019 liberos
607 2977 639 3020 ea
650 2966 833 3038 tempestate,
846 2966 875 3019 et
887 2975 985 3036 regem
997 2956 1210 3019 Ptolemaeum.

91 3048 116 3097 11
136 3050 224 3122 atque
247 3062 301 3122 ego
323 3043 404 3104 ultus
425 3044 548 3105 iniurias
569 3042 756 3105 Nicomedem
777 3042 913 3122 Bithynia
935 3041 1033 3120 expuli
1049 3041 1211 3122 Asiamque

136 3128 263 3206 spolium
280 3128 357 3206 regis
369 3129 506 3189 Antiochi
521 3127 620 3207 recepi
634 3139 663 3191 et
676 3128 813 3189 Graeciae
824 3127 936 3206 dempsi
949 3144 1034 3204 grave
1045 3127 1209 3188 servitium.

90 3216 119 3267 tt
136 3214 254 3292 incepta
280 3231 343 3273 mea
365 3221 533 3292 postremus
566 3230 717 3273 servorum
745 3212 904 3273 Archelaus
931 3212 1062 3273 exercitu
1088 3212 1209 3290 prodito
1233 3223 1266 3276 35

204 3364 219 3413 2
239 3362 285 3413 tibi
298 3363 370 3414 si-5
383 3362 483 3413 misceri
495 3364 605 3428 sperem]
620 3366 659 3413 sic
671 3363 696 3413 V
708 3364 774 3423 (nisi
785 3361 857 3426 quod
867 3361 1043 3413 scelestissimi
1055 3367 1081 3412 ot
1091 3361 1210 3416 misceris

135 3432 239 3497 peram),
258 3446 325 3494 quae
341 3445 438 3481 sanare
456 3431 574 3481 nondun
590 3433 720 3495 contigat:
738 3429 785 3481 tibi
797 3434 920 3496 perpetua
931 3432 992 3492 (om.
1004 3429 1036 3493 si)
1049 3446 1073 3496 p.
1086 3429 1103 3480 i.
1116 3429 1210 3485 liceret

134 3501 249 3549 conieca't
264 3499 363 3562 Aldus,
385 3497 411 3549 ni
437 3505 500 3549 ante
518 3499 621 3564 egregia
638 3502 719 3548 imcr.
736 3497 824 3549 Madv.
841 3498 908 3549 Aac.
927 3497 952 3561 2,
969 3497 1036 3562 294,·
1057 3498 1138 3548 verda
1156 3497 1210 3550 nisi

135 3566 354 3619 hostes-lutura
378 3569 418 3617 est
443 3569 550 3618 tradent
568 3572 629 3632 poet
651 3580 750 3631 sperem
767 3565 791 3618 J.
808 3566 912 3630 Donec,
930 3567 1010 3617 cerba
1033 3564 1210 3617 nisi-scele-

134 3634 239 3686 stissimi
254 3639 317 3700 post
333 3649 440 3701 sperem,
457 3634 507 3686 aaa
523 3633 754 3701 egregia-lutura
772 3638 811 3685 est
824 3639 888 3699 poet
904 3650 928 3684 v.
946 3632 1063 3685 occident
1076 3646 1103 3696 p.
1121 3630 1211 3697 124,3

135 3702 225 3766 Ilitzig
246 3702 314 3753 Mau.
325 3704 367 3753 rh.
381 3702 421 3766 10,
433 3701 482 3755 467
503 3702 537 3765 es.
549 3703 693 3754 Mommsen
710 3702 769 3753 Act.
782 3717 836 3752 ece.
847 3717 905 3752 aaa.
918 3718 943 3752 a.
956 3701 1030 3763 1854,
1043 3696 1092 3750 153
1102 3695 1143 3765 116
1162 3716 1211 3767 pa·

135 3783 189 3851 rum
207 3770 306 3849 (didus,
323 3785 407 3822 rarum
426 3769 455 3821 V
460 3770 472 3849 l
485 3772 577 3850 'luere
595 3769 733 3850 aestimare
748 3769 835 3850 Mada.
855 3769 871 3820 l.
890 3766 933 3887 Ἥ(
948 3770 962 3820 8
980 3764 1094 3832 accepiet
1112 3766 1141 3818 V
1150 3765 1160 3835 l
1174 3773 1206 3823 ll

135 3838 312 3890 cunatromhus
336 3855 372 3889 ea
390 3839 561 3890 cumtromhus
580 3838 609 3889 V
617 3836 627 3906 l
641 3839 671 3890 18
689 3837 781 3905 prhppr
798 3838 824 3889 V
836 3836 892 3903 1120,
928 3849 1044 3888 umenem
1061 3834 1209 3906 Amanus,

136 3917 193 3954 eum
211 3918 242 3954 eu
261 3904 287 3955 V
295 3904 305 3972 l
319 3907 351 3958 23
370 3905 471 3957 efficere
491 3905 632 3974 lel134
648 3905 847 3972 graeciaedemsi
864 3908 903 3970 (ae
921 3907 983 3954 ante
1000 3900 1017 3953 d
1034 3904 1062 3952 ia
1080 3904 1144 3967 ras.)
1164 3904 1196 3955 V
1233 3942 1236 3947 .
