2692 4350
362 1319 587 1400 lbldllrltt
612 1319 817 1401 Ebllltllls
840 1320 1006 1400 l‘lllllllE.

233 1525 404 1586 Sallustium
421 1526 526 1587 edendi
543 1526 699 1587 consilium
715 1526 869 1588 maturarit
885 1526 996 1588 adlatus
1012 1528 1046 1588 ad
1060 1546 1107 1588 me
1123 1546 1221 1607 nuper

147 1610 267 1673 Parisiis
283 1611 376 1671 codex
393 1611 524 1671 omnium
543 1618 689 1690 quotquot
706 1611 902 1673 innotuerunt
918 1613 1056 1694 optimus,
1076 1613 1127 1692 qui
1143 1613 1221 1674 inter

148 1696 329 1758 Serbonieos
344 1695 539 1756 bibliothecae
550 1695 711 1774 imperialis
723 1707 768 1756 est
779 1716 809 1757 n.
823 1700 894 1759 500.
914 1697 999 1757 cuius
1011 1697 1079 1758 libri
1091 1698 1219 1777 scriptu-

146 1800 194 1842 ras
211 1799 278 1841 cum
301 1781 332 1841 in
351 1781 568 1841 commentariis
583 1780 780 1842 llielschianis
802 1782 986 1842 noviciorum
1009 1781 1219 1860 exemplarium

147 1866 284 1927 sordibus
307 1865 427 1926 obrutas
449 1866 593 1940 riderem,
622 1865 645 1925 si
669 1864 705 1926 ab
728 1866 886 1944 ingruente
909 1866 1030 1927 materie
1052 1866 1218 1942 liberarem,

148 1951 267 2014 Sallusti
282 1951 466 2012 recensionis
488 1952 679 2011 fundamenta
702 1950 855 2030 sperabam
878 1952 942 2012 lore
964 1959 997 2012 ut
1017 1951 1156 2012 solidiora
1178 1953 1220 2013 ia-

148 2044 296 2098 cerentur.
328 2055 403 2114 qliae
425 2055 494 2115 spes
515 2036 657 2114 opinione
678 2036 829 2097 laetiorem
852 2044 988 2096 eventum
1011 2035 1122 2097 habuit.
1153 2056 1220 2098 nam

149 2140 211 2184 non
235 2122 330 2182 solum
354 2121 476 2182 omissas
498 2129 531 2180 ut
552 2121 584 2180 fit
606 2120 749 2181 lectiones
771 2121 877 2182 multas
900 2121 1096 2200 deprehendi,
1119 2139 1219 2183 rerum

149 2208 236 2267 etiam
251 2206 328 2266 haud
345 2223 462 2284 paucae,
480 2223 604 2282 quarum
620 2205 651 2264 in
663 2205 729 2282 ipso
741 2205 844 2264 codice
855 2224 911 2266 nec
923 2205 986 2265 vola
998 2223 1054 2265 nee
1064 2205 1220 2283 vestigium

41 2320 47 2335 ·
149 2298 236 2363 esset,
253 2289 335 2368 quasi
352 2290 382 2349 in
400 2307 433 2349 eo
450 2297 582 2349 extarent
596 2288 725 2350 traditas.
758 2289 836 2368 quod
853 2307 891 2349 ne
906 2289 933 2350 ei
947 2290 1009 2349 viro
1020 2289 1088 2358 vitio
1100 2298 1219 2366 vertam,
1254 2326 1259 2334 -

151 2375 202 2454 qui
218 2373 343 2434 contulit
359 2374 500 2447 codicem,
524 2373 574 2433 sed
591 2373 706 2449 editori,
729 2380 825 2456 moret
846 2373 936 2434 buius
951 2373 1066 2435 incuria
1085 2394 1142 2453 qua
1156 2375 1220 2435 Mo·

149 2457 287 2521 naceusis
310 2458 420 2518 codicis
436 2457 663 2536 discrepantiam
682 2477 697 2518 a
720 2476 751 2518 se
773 2458 933 2536 excriptam
958 2477 1074 2538 quaque
1089 2459 1221 2521 Vaticani

148 2543 185 2604 ab
199 2542 330 2603 Henrico
345 2542 479 2603 Brunnio
496 2552 641 2604 enotatam
657 2543 799 2622 corrupit.
816 2562 907 2622 quare
923 2544 1054 2605 dehisce
1069 2544 1220 2606 codicibus
1289 2596 1293 2601 .

149 2646 353 2707 quaecumque
368 2629 502 2689 adnotari
524 2636 649 2688 meamet
670 2628 727 2688 fide
750 2627 804 2688 niti
826 2646 943 2690 moneo.
973 2647 1093 2707 perraro
1116 2628 1221 2690 accidit

149 2720 181 2773 ut
197 2713 233 2773 de
249 2713 397 2792 scriptura
413 2732 495 2773 riune
511 2731 629 2792 quoque
645 2713 847 2789 dubitaverim,
870 2731 992 2792 eamque
1008 2713 1219 2775 dubitationem
1256 2716 1265 2735 '

148 2798 232 2859 solita
249 2806 317 2859 nota
333 2798 467 2858 indicavi.
497 2805 627 2858 ceterum
650 2799 790 2876 quoniam
805 2798 930 2858 Hermae
952 2798 1100 2858 volumine
1123 2798 1219 2877 primo

148 2902 178 2962 p.
194 2885 255 2945 229
269 2901 307 2943 ss.
325 2883 460 2962 pluribus
476 2884 512 2943 de
528 2882 596 2944 crisi
608 2883 783 2944 Sallustiana
795 2882 947 2962 disputavi,
963 2882 1099 2942 hocloco
1111 2883 1220 2961 quibus

149 2985 205 3046 ego
221 2975 249 3028 et
264 2967 403 3029 subsidiis
419 2975 448 3028 et
462 2967 626 3029 rationibus
641 2986 703 3029 rem
719 2969 828 3046 egerim
844 2967 946 3046 paucis
961 2967 1116 3028 absolvam.

236 3049 1220 3132 Catilinariiigituretlugurthinibellicodicumgenera

148 3136 272 3199 maxime
284 3137 343 3197 duo
357 3154 422 3198 esse
433 3138 561 3216 adparet,
573 3138 697 3198 alterum
710 3136 1045 3215 eorumquilugurthini
1058 3145 1220 3217 parteque·

148 3224 213 3284 dam
223 3226 261 3296 (c.
273 3224 487 3296 roan-112,
498 3225 528 3297 3)
541 3223 667 3283 truncati
681 3231 760 3297 sunt,
774 3222 898 3284 alterum
911 3239 1013 3282 eorum
1026 3223 1077 3302 qui
1095 3222 1217 3300 integri;

148 3317 177 3370 et
191 3308 234 3368 illi
250 3307 368 3387 quidem
384 3307 500 3368 saeculo
517 3307 630 3368 decimo
647 3306 749 3386 scripti
772 3315 842 3367 suut
863 3305 997 3386 plerique
1019 3326 1137 3382 omueS,
1161 3305 1220 3366 nisi

148 3393 227 3470 quod
240 3391 391 3453 Parisinus
407 3400 508 3453 noster
523 3401 675 3472 proptera
689 3399 807 3471 apertae
820 3399 847 3452 et
859 3411 877 3452 o
888 3392 1004 3453 clausae
1015 3391 1218 3472 promiscuum

132 3495 234 3537 usum
249 3477 349 3557 potius
371 3496 451 3538 nono
474 3477 564 3538 tribui
589 3476 695 3538 debere
716 3476 846 3552 videtur,
867 3476 975 3538 horum
997 3474 1219 3554 antiquissimus

146 3561 275 3640 scriptus
304 3571 348 3624 ost
376 3563 492 3624 saeculo
520 3561 677 3624 undecimo
707 3561 799 3622 codex
819 3561 1005 3623 Monacensis
1029 3561 1078 3621 lat.
1104 3561 1218 3622 14477.

147 3645 253 3706 deinde
269 3646 347 3708 inter
362 3649 544 3710 recentiores
559 3647 650 3707 libros
665 3647 752 3726 pauci
768 3647 888 3724 quidam
903 3647 990 3724 eique
1005 3645 1122 3707 saeculo
1138 3643 1220 3705 Xllll

147 3730 280 3792 iuniores
296 3735 423 3808 (tertiam
438 3732 575 3793 familiam
593 3732 670 3793 hanc
685 3731 755 3793 lecit
769 3730 907 3809 Rothius)
930 3737 1085 3792 servarunt
1100 3728 1220 3791 Sallusti

147 3815 307 3876 sententias
322 3817 352 3877 in
369 3818 474 3879 ceteris
490 3816 630 3879 omnibus
646 3816 768 3877 omissas
783 3824 844 3879 tres
859 3821 897 3893 (v.
909 3834 939 3894 p.
951 3816 980 3891 6,
996 3817 1023 3876 1.
1036 3817 1087 3891 52,
1103 3815 1219 3890 2566,
