2692 4350
116 125 157 186 42
495 129 521 180 (l.
536 126 689 180 SALLUSTI
708 126 809 179 uatsrl

116 284 371 363 conrumpendam
394 283 487 353 dedit,
511 284 577 353 sed,
601 283 643 343 uti
666 301 729 343 mos
752 282 847 360 gentis
870 282 948 343 illius
971 293 1025 358 ast,
1049 283 1184 362 equitare

85 420 88 425 .
117 370 244 444 iaculari,
266 387 354 429 cursu
371 386 437 429 cnm
452 367 622 446 aequalibus
638 375 759 440 certare,
782 379 891 429 etcum
908 369 1004 430 omnis
1020 369 1112 447 gloria
1126 388 1183 431 an-

117 456 210 527 teiret,
233 453 371 514 omnibus
386 462 482 514 tamen
504 471 591 513 carus
608 471 687 527 esse3
710 453 745 512 ad
760 454 817 517 hoc
838 453 1013 532 pleraque
1014 472 1133 532 empore
1147 454 1181 515 in

117 539 249 601 venando
265 558 361 617 agere,
377 538 493 599 leonem
508 547 595 617 atque
611 538 681 598 alias
696 538 771 599 feras
786 538 900 617 primus
915 547 965 599 aut
978 539 1008 600 in
1021 538 1182 619 primisse-

85 633 99 682 t
117 626 184 698 rire,
201 626 371 703 plurumum
384 624 479 683 lacere
491 623 655 683 minumum
671 623 735 700 ipse
750 625 786 683 de
801 642 832 683 se
848 624 939 712 loqui.
967 624 1075 703 quibus
1090 623 1181 686 rebus
1205 639 1221 688 t

116 711 247 788 Micipsa,
269 707 382 770 tametsi
398 708 482 769 initio
498 709 555 767 laet
543 708 635 769 tusfu
638 715 708 780 erat,
728 704 906 769 existumans
921 709 1057 771 virtutem
1072 709 1181 789 lugur-

114 796 180 856 thae
196 812 288 873 regno
310 812 364 853 suo
381 793 491 871 gloriae
512 794 591 874 fore,
613 801 710 854 tamen
731 801 887 871 postquam
907 794 1056 856 hominem
1078 795 1180 857 adule-

115 887 245 941 scentem
261 889 360 939 exacta
375 897 428 938 sua
443 885 535 939 aetate
557 886 586 938 et
606 877 702 957 parvis
716 877 817 938 liberis
834 878 926 956 magis
945 881 1096 959 magisque
1115 899 1181 941 cre-

115 984 197 1026 scere
219 963 376 1041 intellegit,
403 964 590 1024 vehementer
613 982 646 1024 eo
674 963 791 1040 negotio
814 971 975 1042 permotus,
998 966 1179 1026 multarum

83 1057 98 1108 3
115 1069 212 1111 ammo
233 1068 287 1110 suo
302 1048 440 1109 volvebat.
485 1047 612 1109 terrebat
633 1066 701 1109 eum
716 1056 766 1108 nat
768 1065 820 1108 ura
839 1049 1005 1110 mortalium
1021 1049 1129 1111 avida
1122 1070 1178 1112 rm·
1204 1063 1235 1113 to

115 1135 178 1215 peri
191 1142 219 1196 et
230 1153 371 1214 praeceps
382 1135 416 1194 ad
430 1133 601 1212 explendam
613 1133 702 1194 animi
694 1132 891 1219 cupidinem,
907 1142 990 1213 praet
991 1154 1057 1196 erea
1069 1154 1179 1215 oppor-

114 1220 223 1281 tunitas
235 1239 306 1280 suae
317 1219 537 1314 liberorumque
552 1220 662 1288 aetatis
679 1237 754 1297 quae
768 1218 853 1278 etiam
865 1219 1057 1281 mediocris'
1032 1239 1110 1281 viros
1126 1239 1179 1300 spe

115 1306 238 1384 praedae
260 1315 442 1365 transvorsos
464 1303 537 1380 agit3
561 1303 596 1363 ad
618 1303 675 1364 hoc
696 1304 791 1364 studia
812 1303 1034 1365 Numidarum
1026 1325 1056 1365 m
1071 1306 1178 1384 lugur-

113 1392 191 1451 tham
207 1408 344 1462 accensa,
369 1406 402 1448 ex
418 1389 540 1468 quihus,
564 1407 589 1448 sr
581 1388 731 1449 talem
705 1406 800 1449 urum
816 1389 890 1450 dolis
904 1389 1116 1464 interfecisset,
1140 1410 1178 1452 ne

81 1481 170 1554 lqua
193 1474 296 1534 seditio
319 1481 369 1534 aut
390 1472 499 1533 bellum
517 1475 645 1533 oriretur
666 1474 771 1534 anxius
786 1476 880 1546 erati
893 1474 939 1534 his
959 1475 1177 1536 difficultatibus
1201 1488 1233 1539 15

114 1561 332 1621 circumventus
353 1557 404 1618 ubi
421 1558 498 1618 videt
520 1575 616 1635 neque
638 1557 770 1637 pervim
794 1576 890 1638 neque
912 1559 1027 1620 insidiis
1049 1560 1176 1640 opprimi

114 1663 201 1724 posse
221 1644 370 1703 hominem
393 1651 451 1703 tam
466 1653 620 1721 acceptum
635 1641 837 1722 popularibus,
860 1644 939 1722 quod
961 1653 1023 1705 erat
1036 1645 1177 1724 Iugurtha

113 1747 202 1790 manu
217 1735 372 1808 promptus
388 1737 417 1790 et
431 1728 572 1805 adpetens
587 1727 696 1806 gloriae
710 1727 858 1802 militaris,
880 1729 981 1790 statuit
979 1766 981 1771 ·
969 1737 1062 1791 teum
1078 1731 1178 1792 obiec-

82 1824 174 1875 ttare
189 1814 329 1911 periculis
351 1822 380 1873 et
395 1831 429 1873 eo
445 1813 532 1873 modo
553 1812 701 1873 fortunam
716 1819 869 1892 temptare.
913 1813 1002 1892 igitur
1023 1815 1099 1876 bello
1115 1816 1177 1876 Nu·
1225 1832 1242 1863 ν

28 1906 64 1977 ,ᾖ
112 1899 244 1960 mantino
259 1897 390 1978 Micipsa,
414 1916 481 1958 cum
501 1899 611 1977 populo
628 1898 759 1959 Romano
783 1901 914 1978 equitum
937 1908 1022 1979 atque
1045 1901 1176 1980 peditum
1197 1911 1233 1963 20

3 1976 101 2033 “²3²
112 1985 217 2046 auxilia
239 1985 383 2058 mitteret,
409 2002 532 2062 sperans
553 1983 598 2044 vel
620 1984 794 2045 ostentando
816 1985 860 2045 vir
860 1993 953 2046 tutem
982 1986 1025 2046 vel
1047 1986 1177 2047 hostium

113 2069 229 2132 saevitia
250 2069 334 2130 facile
356 2088 424 2130 cum
447 2087 630 2141 occasurum,
653 2069 950 2147 praefecitNumidis,
974 2090 1047 2150 quos
1063 2072 1093 2131 in
1108 2070 1176 2131 His·
1236 2137 1240 2141 ,

63 2152 227 2235 tpaniam
250 2152 390 2214 mittebat.
435 2153 486 2213 sed
509 2172 542 2213 ea
564 2171 611 2214 res
632 2154 720 2231 longe
737 2153 821 2215 aliter
835 2173 869 2214 ac
884 2164 964 2215 ratus
986 2164 1048 2216 erat
1070 2156 1176 2216 evenit.

80 2252 96 2300 4
113 2258 179 2302 nam
202 2238 353 2317 Iugurtha,
375 2245 408 2298 ut
430 2248 492 2298 erat
506 2238 623 2317 inpigro
639 2245 726 2316 atque
748 2239 807 2298 aori
830 2239 959 2317 ingenio,
975 2239 1026 2300 ubi
1042 2249 1175 2301 naturam

112 2325 144 2384 P.
168 2322 325 2402 Scipionis,
348 2321 399 2400 qui
422 2321 638 2381 tum-Romanis
660 2321 820 2400 imperator
842 2330 918 2395 erat,
942 2333 970 2383 et
991 2343 1102 2385 morem
1118 2326 1173 2384 ho·
1196 2335 1229 2386 25

111 2409 200 2468 stium
217 2405 363 2484 cognovit,
378 2404 470 2466 multo
486 2404 586 2465 labore
596 2405 746 2483 multaque
761 2424 841 2479 cura,
856 2415 1006 2485 praeterea
1019 2409 1174 2470 modestis-

110 2510 193 2553 sume
209 2491 339 2570 parendo
355 2497 383 2549 et
398 2508 485 2568 saepe
507 2489 619 2550 obviam
634 2489 731 2549 eundo
747 2490 887 2568 periculis
910 2492 940 2551 in
956 2500 1064 2553 tantam
1088 2493 1173 2554 clari-

109 2577 241 2638 tudinem
256 2575 335 2635 brevi
352 2582 533 2654 pervenerat,
550 2582 583 2635 ut
597 2573 706 2635 nostris
721 2574 909 2636 vehementer
924 2595 1019 2650 carus,
1042 2577 1172 2637 Numan·

78 2674 92 2723 5
108 2662 179 2724 tinia
189 2679 325 2720 maxumo
337 2658 444 2720 terrori
456 2670 541 2720 esset.
564 2677 598 2719 ac
612 2677 693 2733 sane,
709 2660 789 2739 quod
800 2660 1013 2721 difficillumum
1026 2663 1057 2723 in
1068 2662 1171 2741 primis

110 2756 163 2821 est,
180 2754 209 2807 et
222 2744 335 2825 proelio
351 2752 491 2805 strenuus
513 2754 574 2806 erat
589 2753 618 2804 ct
632 2743 729 2805 bonus
743 2745 878 2820 oonsilio,
900 2765 1025 2825 quornm
1048 2749 1171 2808 alterum
1194 2759 1227 2811 3ο

110 2852 145 2894 ex
160 2830 341 2911 providentia
356 2830 501 2903 timorem,
522 2829 646 2891 alterum
663 2848 698 2890 ex
712 2829 830 2891 audacia
851 2833 1042 2894 temeritatem
1059 2833 1172 2894 adferre

77 2927 92 2976 6
109 2915 388 2998 plerumque-solet.
424 2914 514 2992 igitur
529 2915 688 2994 imperator
708 2916 804 2976 omnis
829 2916 891 2978 fere
912 2935 959 2977 res
980 2936 1098 2997 asperas
1119 2936 1173 2998 per

109 3002 279 3080 lngurtham
294 3017 390 3077 agere,
406 3001 436 3060 in
452 2999 552 3060 amicis
566 3001 684 3075 hahere,
705 3001 798 3079 magis
815 3001 967 3080 magisque
982 3022 1048 3064 cum
1063 3003 1094 3065 in
1110 3005 1172 3064 dies

109 3087 261 3165 amplecti,
283 3087 395 3164 quippe
410 3085 494 3146 cuius
510 3104 606 3164 neque
622 3085 777 3146 consilinm
793 3104 891 3165 neque
912 3087 1061 3167 incaptum
1078 3089 1171 3149 ullum

77 3183 91 3232 t
110 3175 218 3234 frustra
234 3179 304 3230 erat.
334 3171 394 3230 huc
408 3169 568 3230 adcedebat
584 3171 785 3231 munificentia
800 3170 890 3232 animi
906 3183 935 3233 et
949 3171 1051 3271 ingeni
1067 3174 1169 3234 soller-
1192 3181 1224 3232 31

110 3258 158 3331 tia,
176 3255 242 3335 quis
229 3252 347 3315 r‘ehns
362 3254 417 3314 sibi
434 3254 540 3314 multos
555 3273 590 3315 ex
607 3255 746 3316 Romanis
761 3255 895 3316 familiari
910 3258 1035 3320 amicitia
1051 3258 1177 3319 coniun-

110 3351 200 3404 xerat

76 3432 93 3488 8
194 3425 233 3486 Ea
249 3432 421 3503 tempestate
432 3424 462 3485 in
480 3423 608 3486 exercitu
621 3433 723 3485 nostro
739 3424 822 3486 fuere
838 3426 998 3522 conplures
1009 3425 1075 3488 novi
1088 3432 1176 3503 atque

110 3511 232 3583 nobiles,
252 3509 359 3589 quibus
374 3509 489 3570 divitiae
505 3510 584 3570 bono
599 3508 785 3586 honestoque
799 3511 930 3589 potiores
943 3520 1038 3584 erant,
1061 3509 1175 3572 factiosi

176 3659 314 3712 fiaculari
332 3659 446 3726 equitare
464 3659 547 3712 Maca.
566 3675 623 3710 cccc.
635 3660 720 3710 Parta.
731 3675 757 3725 p
770 3659 821 3712 624
840 3661 925 3714 Diam
939 3661 989 3712 l..c
1008 3660 1127 3722 (riccod.
1144 3658 1175 3725 B,

108 3725 213 3804 iaculari
230 3744 280 3781 om
301 3727 367 3793 ΑΜ)
386 3728 411 3780 ll.
428 3744 465 3780 cc.
480 3725 489 3796 h
501 3728 581 3794 gloria
599 3743 648 3780 om.
658 3728 746 3778 Diam.
762 3728 815 3782 dc.
830 3726 1027 3796 l3essctPllt
1048 3727 1176 3780 faceret
1150 3733 1176 3781 et

109 3793 238 3845 minimum
254 3796 411 3863 PCpraeter
427 3811 519 3861 unum,
537 3801 564 3848 et
581 3810 630 3848 om.
645 3796 749 3846 Fronto
768 3796 920 3848 atMacrob
938 3795 963 3848 ll.
977 3812 1013 3848 ec.
1028 3795 1038 3864 h
1053 3798 1081 3848 11
1100 3812 1176 3864 opor-

110 3861 205 3914 tunitas
223 3878 257 3912 aa:
274 3865 455 3931 oportunitatis
473 3864 513 3932 Ph
530 3868 559 3916 lb
578 3863 707 3930 orirentur]
725 3867 764 3916 ric
781 3865 824 3916 PC
