2692 4350
189 152 229 212 64
567 156 592 206 G.
607 154 760 206 snmusrt
779 154 881 206 GRlSPl

187 310 312 372 Mamilia
327 310 479 387 rogatione
500 320 560 372 tres
576 309 757 388 quaesitores
771 316 957 387 rogarentur,
979 310 1114 370 eilecerat
1132 309 1175 369 uti
1192 310 1263 389 ipse
1311 319 1313 323 ’

72 394 74 399 ’
157 406 171 454 5
187 397 219 456 in
236 415 269 456 eo
287 413 410 455 numero
426 404 583 456 crearetur.
620 395 671 454 scd
687 395 818 472 quaestio
837 394 964 455 exercita
978 413 1081 472 aspere
1096 394 1262 455 violenter-

188 499 246 559 que
266 500 300 540 ex
315 498 433 540 rumore
458 490 486 541 et
500 479 631 539 lubidine
647 478 750 557 plebis.
789 489 821 539 ut
835 499 922 557 saepe
945 480 1115 540 nobilitaten
1133 526 1141 549 ,
1164 480 1209 540 sie
1226 500 1261 541 ea

187 573 359 643 tempestate
373 564 488 643 plebem
504 585 539 625 ex
554 565 691 624 secundis
705 564 794 624 rebus
808 564 963 624 insolentia
979 498 1145 709 cepere*

135 654 171 709 41
274 651 410 711 Ceterum
431 668 494 709 mos
511 649 637 728 partium
654 649 847 727 ¹popularium
869 659 897 725 et
917 649 1107 709 l'actionuma
1147 649 1300 714 deindea
1335 666 1336 673 ’

189 736 320 795 omnium
335 735 477 794 malarum
493 735 597 794 artium
614 735 714 812 paucis
730 745 797 794 ante
812 733 898 794 annis
912 734 1020 794 Romae
1036 742 1118 795 ortus
1134 744 1178 794 cst
1193 735 1260 795 otio

155 829 169 879 2
186 831 274 898 atque
286 819 463 879 abundantia
475 837 575 879 earum
588 837 697 892 rerum,
711 838 786 896 quae
798 819 891 897 prima
902 820 1168 880 mortalesducunt.
1185 838 1260 881 narn
1321 816 1325 823 ’

186 915 254 965 ante
271 904 473 982 Carthaginem
497 904 618 965 deletam
641 905 770 982 populus
792 914 821 964 et
835 912 955 964 senatus
969 904 1119 964 Romanus
1140 905 1260 982 placide

186 989 376 1067 modesteque
387 990 465 1051 inter
476 1008 507 1050 se
518 1009 581 1050 rem
592 989 737 1067 publicam
745 989 917 1060 tractabant,
931 1008 1027 1066 neque
1039 988 1149 1066 gloriae
1157 1009 1259 1069 neque

188 1073 395 1135 dominationis
412 1083 559 1135 certamen
581 1075 658 1134 inter
673 1075 743 1134 civis
765 1084 841 1134 erat:
868 1082 963 1134 metus
979 1074 1093 1134 hostilis
1114 1075 1145 1135 in
1166 1074 1259 1137 bonis
1283 1088 1313 1139 to

155 1170 169 1220 3
188 1158 300 1219 artibus
324 1159 467 1220 civitatem
491 1159 641 1220 retinebat.
680 1160 731 1221 'sed
754 1159 805 1219 ubi
828 1159 875 1218 illa
890 1160 1015 1219 lormido
1033 1159 1179 1219 mentibus
1201 1161 1258 1222 de·

188 1244 285 1317 cessit,
302 1245 414 1306 scilieet
430 1265 472 1320 ea,
487 1264 562 1323 quae
575 1263 622 1305 res
632 1245 778 1305 secundae
790 1251 898 1317 amant,
914 1245 1029 1304 lascivia
1045 1252 1132 1321 atque
1147 1264 1259 1324 super-

155 1340 171 1388 4
187 1329 233 1388 bia
253 1329 410 1390 incessere.
440 1330 479 1391 ita
495 1330 574 1409 quod
589 1331 620 1389 in
636 1329 765 1391 advorsis
777 1329 866 1390 rebus
882 1337 1052 1408 optaverant
1067 1329 1159 1391 otium
1171 1339 1258 1409 post-

156 1426 169 1471 5
188 1432 275 1493 quam
296 1415 392 1492 adepti
415 1424 499 1488 sunt,
521 1416 655 1493 asperius
669 1414 862 1493 acerbiusque
884 1414 947 1475 luit.
987 1433 1112 1492 namque
1127 1433 1258 1494 coepere

95 1551 98 1554 ,
188 1497 324 1559 nobilitas
336 1499 504 1576 dignitatem
520 1499 650 1577 populus
662 1499 825 1559 libertatem
837 1500 868 1559 in
883 1499 1044 1559 lubidinem
1056 1509 1180 1572 vortere,
1197 1499 1258 1563 sibi
1282 1513 1311 1563 15

189 1583 313 1661 quisque
326 1584 433 1644 ducere
444 1585 561 1644 trabere
572 1603 686 1661 rapere.
718 1584 755 1643 ita
767 1584 864 1643 omnia
876 1583 906 1643 in
923 1584 995 1644 duas
1008 1585 1099 1661 partis
1110 1585 1258 1647 abstracta

155 1676 266 1739 dsunt,
284 1667 472 1746 respublica,
496 1688 570 1747 quae
589 1667 681 1729 media
697 1667 801 1741 iuerat,
818 1669 980 1732 dilacerata.
1014 1679 1144 1729 ceterum
1168 1669 1257 1731 nobi·

187 1752 251 1812 litas
266 1752 393 1813 factione
414 1754 507 1832 magis
522 1753 659 1832 pollebat,
682 1753 775 1830 plebis
791 1753 833 1812 vis
848 1753 941 1812 soluta
957 1760 1045 1831 atque
1067 1755 1198 1832 dispersa
1222 1755 1256 1819 in
1296 1786 1301 1794 ·

155 1838 373 1899 rmultitudine
396 1839 494 1899 minus
522 1845 645 1917 poterat.
690 1857 850 1916 paucorum
873 1836 993 1900 arbitrio
1019 1838 1088 1899 belli
1114 1840 1256 1918 domique

186 1923 357 2000 agitabatur,
372 1943 466 2002 penes
478 1923 596 1984 eosdem
608 1923 750 1983 aerarium
765 1924 932 2002 provinciae
946 1924 1132 2001 magistratus
1144 1925 1257 2002 gloriae
1280 1937 1311 1989 11

186 2009 388 2087 triumphique
404 2018 500 2069 crant:
517 2009 647 2088 populus
658 2009 760 2069 militia
773 2016 860 2087 atque
875 2009 975 2087 inopia
987 2009 1155 2087 urgebatur,
1168 2029 1257 2088 prae-

155 2101 169 2150 8
187 2095 236 2154 das
252 2094 370 2155 bellicas
384 2096 578 2174 imperatores
597 2113 665 2154 eum
686 2095 788 2172 paucis
803 2093 989 2172 diripiebant.
1019 2094 1131 2155 interea
1145 2112 1256 2173 paren-

176 2188 231 2239 tes
246 2188 296 2238 aut
311 2181 390 2258 parvi
406 2179 490 2240 liberi
507 2178 641 2252 militnm,
664 2178 706 2239 uti
723 2179 848 2258 quisque
863 2180 1023 2257 potentiori
1040 2179 1255 2255 conmiserat,

155 2271 170 2319 a
187 2263 305 2324 sedibus
321 2265 514 2341 pellebantur.
546 2265 583 2324 ita
600 2282 667 2324 cum
687 2264 818 2342 potentia
833 2264 948 2323 avaritia
965 2264 1029 2323 sine
1043 2264 1130 2324 modo
1152 2265 1256 2325 mode·

188 2348 302 2425 stiaque
326 2350 476 2421 invadere,
498 2349 632 2427 polluere
655 2356 683 2408 et
696 2356 807 2409 vastare
822 2349 936 2422 omnia,
959 2348 1032 2409 nihil
1047 2349 1132 2428 pensi
1155 2368 1255 2427 neque
1277 2363 1310 2414 11

141 2440 171 2489 10
189 2433 280 2494 sancti
295 2434 412 2507 habere,
434 2434 529 2511 quoad
545 2442 637 2492 semet
651 2433 713 2511 ipsa
729 2433 937 2511 praecipitavit.
970 2453 1034 2494 nam
1059 2433 1108 2494 ubi
1124 2435 1256 2513 primum

189 2537 224 2576 ex
240 2517 389 2577 nobilitate
410 2519 518 2596 reperti
534 2526 605 2577 sunt
625 2518 674 2596 qui
698 2536 794 2577 veram
816 2518 935 2596 gloriam
960 2519 1084 2579 iniustae
1105 2520 1255 2599 potentiae

188 2612 412 2679 anteponerent,
435 2603 544 2663 moveri
568 2602 667 2663 civitas
689 2611 717 2663 et
739 2602 883 2662 dissensio
907 2602 998 2664 civilis
1020 2605 1103 2682 quasi
1125 2607 1255 2683 permix-

132 2687 170 2741 42
188 2687 228 2746 tio
260 2695 353 2746 terrae
381 2687 453 2746 oriri
483 2683 701 2801 coepitafnam
731 2697 887 2766 postquam
913 2688 957 2747 Ti.
982 2698 1011 2749 et
1033 2687 1063 2748 C.
1093 2689 1253 2765 Gracchus,

189 2790 315 2849 quorum
337 2772 461 2832 maiores
483 2772 596 2832 Punico
619 2781 707 2850 atque
722 2773 786 2833 aliis
808 2772 891 2835 bellis
913 2774 1037 2835 multum
1061 2774 1254 2853 reipublicae
1278 2787 1311 2839 ab

185 2857 363 2932 addiderant,
387 2858 534 2918 vindicare
556 2856 671 2936 plebem
689 2858 718 2918 in
734 2857 897 2920 libertatem
914 2867 943 2919 et
965 2877 1126 2937 paucorum
1142 2860 1254 2921 scelera

185 2945 349 3021 patefacere
372 2961 512 3023 coepere,
544 2942 683 3004 nobilitas
709 2943 796 3003 noxia
825 2953 912 3022 atque
937 2961 972 3003 eo
1002 2944 1136 3021 perculsa
1165 2944 1253 3007 modo

255 3097 266 3144 1
288 3093 398 3144 mamilia
416 3094 548 3159 rogatione
567 3097 638 3160 (roga
656 3097 685 3143 io
703 3110 755 3144 rar.
774 3096 804 3156 P)
822 3093 875 3156 PC,
896 3091 1001 3143 mamilli
1024 3094 1065 3143 oel
1081 3093 1195 3146 mamillii
1213 3111 1254 3146 ro-

185 3161 287 3226 gatione
305 3160 344 3228 011
359 3164 373 3212 2
387 3162 496 3213 exercita
509 3176 597 3227 aspere
609 3178 635 3227 p,
649 3161 752 3213 excita·
761 3175 850 3227 aspera
861 3159 902 3226 Ρ11
917 3165 930 3211 5
948 3159 1254 3229 ωοιεΡ11111111111ηρο-

184 3228 310 3295 pularium
328 3233 354 3278 et
372 3229 509 3281 lactionum
524 3227 667 3290 Cfortasse
678 3234 761 3279 reete:
780 3227 888 3294 partium
906 3227 1065 3294 popularium
1084 3234 1109 3280 et
1121 3235 1253 3282 senatores

184 3296 323 3348 factionum
333 3295 376 3346 PC
384 3299 437 3346 nist
449 3297 521 3361 qarod
529 3301 633 3348 senatus
645 3297 687 3347 vel
694 3301 839 3348 senatorum
851 3295 893 3345 cel
900 3297 1054 3348 senatorium
1066 3301 1095 3348 in
1105 3298 1173 3361 aliis,
1185 3311 1253 3361 quae

183 3365 309 3416 videntur
325 3365 488 3430 interpolato
506 3382 560 3414 esse
570 3370 680 3429 propter
695 3366 775 3414 umbo
792 3380 815 3413 o.
828 3362 911 3427 818,-
928 3364 1087 3430 popularium
1107 3371 1133 3415 et
1148 3367 1251 3416 senatus

183 3451 233 3484 os.
252 3438 280 3483 e'o
298 3449 313 3481 z
332 3436 439 3498 optimo,
457 3433 507 3483 del.
522 3433 651 3484 urucam
665 3432 701 3500 118
719 3447 838 3483 romanus
856 3448 890 3482 ee
907 3433 1017 3484 romanis
1029 3436 1054 3485 P
1064 3432 1073 3501 11
1087 3436 1118 3485 14
1135 3431 1183 3482 lutt
1201 3430 1249 3495 Pu,

184 3502 254 3552 luere
272 3501 314 3551 ool
329 3500 360 3552 fit
378 3501 462 3566 01115
482 3500 612 3553 libidinem
628 3518 654 3567 p,
676 3499 774 3551 libidini
792 3497 833 3568 Ρ11
851 3503 878 3551 11
901 3499 952 3552 sint
970 3499 1057 3569 Ρ1118
1075 3498 1214 3567 plebiseurs
1232 3500 1256 3549 P

183 3565 191 3630 1
207 3568 411 3621 1911111111υά1ηέ
424 3567 467 3636 Ρ11
480 3571 512 3621 20
530 3570 675 3636 prouinciae
692 3568 856 3633 magistratus
874 3567 979 3634 gloriae]
997 3568 1031 3629 cf.
1046 3566 1172 3628 Cornifici
1182 3568 1251 3618 abet.

183 3636 208 3699 3,
223 3639 248 3700 6,
265 3637 304 3689 10.
323 3638 346 3701 7,
363 3638 395 3689 14
413 3633 567 3703 ‘potestantem
584 3633 718 3703 gloriua’:
736 3636 820 3688 loreae
839 3637 960 3703 Bemops
981 3637 1047 3688 Mus.
1068 3636 1109 3685 ab.
1131 3635 1171 3698 15,
1194 3635 1252 3700 168,

184 3702 291 3757 adoreae
303 3707 393 3772 Borglc
405 3706 499 3757 Philet.
509 3706 716 3770 tarataram
727 3704 875 3755 Frontonis
884 3721 910 3771 p.
920 3705 970 3757 120
978 3705 1064 3754 verbis
1075 3700 1085 3769 11
1099 3704 1131 3753 26
1150 3704 1253 3768 quoted

184 3769 227 3837 Pil
239 3772 294 3838 ipsa
313 3774 344 3839 C,
362 3775 444 3841 ipsam
461 3773 523 3841 Ρο11
538 3777 569 3826 18
593 3773 726 3840 permixtio
751 3777 832 3825 terrae
849 3773 908 3824 oriri
933 3776 1013 3837 (corr.
1032 3786 1066 3820 ex
1083 3770 1252 3835 permixtione

184 3845 265 3890 terrae
283 3841 324 3892 1111
349 3843 407 3908 [sic]
428 3844 457 3904 P)
474 3842 526 3906 PC,
551 3841 717 3909 permixtione
741 3845 822 3892 terrae
846 3841 905 3894 oriri
925 3840 1085 3903 dequibus
1108 3839 1253 3892 debetores

184 3906 351 3974 permixtione
370 3911 470 3970 terreri;
489 3911 558 3960 idem
575 3911 692 3976 eohritp
710 3913 739 3959 in
757 3925 810 3974 mg.
828 3907 838 3959 l
856 3907 956 3960 terreri:
974 3907 1008 3968 af.
1019 3906 1042 3971 7,
1052 3906 1076 3958 2.
1089 3908 1130 3973 99,
1140 3908 1157 3959 3
