2692 4350
194 156 253 218 112
530 162 573 213 ΕΧ
591 160 746 213 SALLUSTI
762 160 920 214 HISTORIIS

193 325 367 396 sumpserat,
384 317 514 392 satiatus,
530 317 581 378 sed
597 325 659 377 tum
676 316 833 393 crudelior,
849 335 916 377 cum
932 317 1090 396 plerosque
1112 314 1261 380 secundae

160 408 241 463 tres
263 402 293 460 ln
316 401 533 463 mIserationem
557 420 592 462 ex
606 400 647 461 ira
663 409 791 462 vortunt.
837 403 909 481 quin
932 401 1014 464 solus
1038 404 1169 464 omnium
1192 412 1263 483 post

192 487 361 549 memoriam
377 487 498 548 humani
519 486 635 565 generis
651 486 796 565 supplicia
817 487 847 548 in
863 488 1061 567 postfuturos
1084 490 1262 569 composuit,

192 571 259 651 quis
274 571 356 651 prius
371 571 478 633 inluria
494 590 581 650 quam
596 572 651 631 vita
667 579 745 632 certa
760 580 847 645 esset,
863 572 1104 652 pravissumeque
1125 593 1179 653 per
1195 593 1262 635 sce·

192 658 261 718 leris
279 657 478 718 inmanitatem
493 657 589 717 adhuc
604 664 685 717 tutus
700 657 764 729 luit,
782 646 850 717 dum
872 677 923 718 vos
938 667 1018 719 metu
1040 658 1180 736 gravioris
1196 679 1263 722 ser·
1284 672 1298 720 e

192 742 272 804 vitta
288 743 449 820 repetunda
465 742 598 802 libertate
613 741 773 802 terremini.

161 832 175 880 't
278 827 435 905 Agundum
458 826 681 906 atque-obviam
705 826 834 886 eundum
858 834 915 902 est,
938 826 1082 902 QuiriteS,
1106 847 1143 889 ne
1167 829 1262 908 spolia

67 912 70 917 ’
195 920 288 973 vostra
311 930 403 991 penes
426 912 492 973 illos
513 912 589 984 sint,
612 930 672 971 non
696 910 900 991 prolatandum
916 930 1013 990 neque
1035 913 1109 974 votis
1131 915 1263 994 paranda

194 996 307 1058 auxilia.
339 997 396 1057 nisi
413 998 488 1058 forte
507 997 631 1076 speratis
652 996 778 1057 taedium
801 997 856 1056 iam
874 1006 923 1057 aut
938 996 1080 1075 pudorem
1096 999 1262 1078 tyrannidis

194 1081 291 1143 Sullae
308 1099 371 1142 esse
388 1093 416 1145 et
431 1100 498 1142 eum
514 1100 568 1161 per
582 1080 678 1143 scelus
694 1089 835 1161 occupata
849 1081 1046 1161 periculosius
1059 1082 1261 1146 dimissurum.
1289 1095 1315 1144 td

162 1169 176 1219 8
193 1176 222 1229 at
237 1167 285 1232 ille
302 1185 335 1227 eo
348 1168 501 1248 processit,
517 1175 549 1228 nt
567 1165 640 1227 nihil
655 1166 816 1245 gloriosum
832 1166 889 1227 nisi
905 1175 1000 1227 tutum
1023 1175 1052 1227 et
1068 1169 1165 1229 omnia
1187 1171 1263 1231 reti-

161 1254 176 1302 9
193 1252 306 1313 nendae
319 1252 526 1315 dominationis
537 1253 661 1312 honesta
675 1259 826 1315 aestumet.
852 1251 951 1330 itaque
962 1251 1010 1311 illa
1026 1252 1112 1331 quies
1124 1264 1153 1314 et
1167 1255 1262 1316 otium

195 1356 262 1398 cum
278 1336 419 1412 libertate,
442 1355 517 1415 quae
532 1336 616 1398 multi
638 1336 723 1416 probi
746 1336 845 1415 p'otIus
861 1354 947 1415 quam
970 1336 1100 1398 laborem
1123 1358 1190 1399 cum
1205 1339 1259 1400 ho-

149 1425 178 1475 10
194 1422 318 1483 nuribus
333 1422 534 1501 capessebant,
550 1420 629 1484 nulla
645 1429 729 1482 sunt:
740 1422 803 1482 ·hac
819 1429 990 1501 tempestate
1005 1423 1195 1485 servIundum
1210 1435 1264 1487 aut

150 1511 175 1560 11
194 1508 431 1587 imperitandum,
446 1507 599 1568 habendus
614 1512 709 1567 metus
725 1514 769 1567 est
780 1515 829 1567 aut
841 1506 1005 1579 laciundus‚
1022 1508 1160 1580 Quirites.
1192 1529 1261 1571 nam
1286 1519 1312 1568 15

194 1593 264 1672 quid
279 1590 377 1653 ultra?
400 1610 509 1670 quaeve
523 1594 650 1654 hnmana
666 1599 807 1671 superant
822 1600 872 1653 aut
890 1592 985 1652 divina
1001 1592 1145 1672 Inpolluta
1166 1593 1260 1656 sunt?

193 1677 323 1757 populus
338 1677 497 1748 Romanus,
516 1678 604 1757 paulo
619 1685 687 1737 ante
703 1676 833 1754 gentium
849 1676 1025 1752 moderator,
1041 1689 1147 1741 exutus
1165 1679 1260 1761 impe·

194 1761 238 1822 rio
247 1762 337 1839 gloria
349 1762 423 1837 iure,
436 1762 562 1840 agitandi
570 1764 657 1841 inops
667 1762 892 1842 despectusque,
906 1762 1064 1823 neservilia
1077 1764 1192 1843 quidem
1204 1765 1256 1825 ali-

148 1853 177 1906 12
193 1854 291 1909 menta
304 1847 414 1924 reliqua
426 1848 522 1909 habet.
539 1846 687 1908 seclorum
698 1855 727 1908 et
733 1846 796 1908 Lati
808 1865 912 1925 magna
920 1848 961 1908 vis
970 1848 1084 1909 civitate
1097 1868 1152 1930 pro
1159 1849 1255 1911 multis

195 1941 223 1994 et
238 1932 364 2012 egregiis
377 1932 488 1994 lactisa
501 1933 583 1994 vobis
599 1934 663 1994 data
678 1951 732 2012 per
744 1951 836 1993 unum
848 1932 1047 2011 prohihentur
1062 1942 1090 1994 et
1102 1934 1195 2014 plebis
1209 1933 1256 1995 in·
1278 1943 1310 1993 ‘20

194 2019 298 2080 noxiae
313 2017 421 2098 paulas
436 2019 521 2080 sedes
537 2035 716 2098 occupavere
731 2017 817 2096 pauci
832 2017 972 2079 satellites
986 2020 1150 2080 mercedem
1167 2019 1260 2081 scele-

149 2109 177 2158 13
193 2122 269 2165 rum.
300 2104 379 2182 leges
400 2104 506 2165 iudicia
522 2103 665 2164 aerarium
686 2101 854 2181 provinciae
870 2119 954 2179 reges
970 2121 1062 2182 penes
1077 2122 1185 2179 unum,
1209 2105 1261 2164 de·

149 2193 177 2245 14
194 2187 284 2268 nique
300 2190 382 2250 uocis
397 2190 502 2249 civium
525 2194 554 2248 et
568 2187 642 2248 vitae
656 2187 784 2248 licentia.
820 2187 906 2247 slmul
929 2187 1071 2248 humanas
1086 2189 1195 2250 hostias
1217 2189 1260 2249 vi-

149 2282 177 2331 15
194 2273 276 2335 distis
289 2283 317 2334 et
332 2275 467 2354 sepulcra
483 2273 590 2335 inlecta
601 2273 744 2351 sanguine
760 2271 846 2333 civili.
869 2281 952 2333 estne
968 2273 1037 2332 viris
1056 2273 1160 2354 reliqui
1179 2274 1260 2335 aliud

194 2377 281 2438 quam
296 2359 408 2420 solvere
424 2359 561 2420 iniuriam
582 2368 632 2420 aut
646 2358 721 2419 mori
736 2377 790 2438 per
803 2355 962 2418 virtutem?
984 2359 1123 2436 quoniam
1139 2359 1258 2438 quidem
1282 2368 1311 2419 25

193 2462 285 2504 unum
303 2444 439 2505 omnibus
454 2445 541 2505 finem
558 2453 661 2506 natura
673 2442 716 2503 vel
732 2444 811 2503 lerro
827 2442 935 2521 saeptis
950 2442 1051 2503 statuit
1062 2462 1160 2522 neque
1176 2445 1261 2522 quis-

193 2547 280 2606 quam
296 2539 452 2589 extremam
476 2529 678 2591 necessitatem
701 2527 774 2588 nihil
795 2545 885 2588 ausus
908 2526 964 2588 nisi
979 2526 1115 2588 muliebri
1136 2527 1258 2604 iugenio

149 2619 176 2668 16
194 2621 336 2691 expectat.
358 2632 459 2674 verum
481 2634 535 2693 ego
551 2612 717 2687 seditiosus,
740 2613 782 2672 uti
798 2612 877 2674 Sulla
900 2611 948 2686 ait,
971 2610 1021 2691 qui
1044 2612 1170 2690 praemia
1193 2619 1257 2672 tur·

148 2705 174 2755 u
192 2696 296 2759 barum
307 2716 426 2776 queror,
443 2711 472 2760 et
486 2699 594 2760 bellum
606 2699 740 2778 cupiens,
756 2698 806 2777 qui
822 2697 885 2758 iura
901 2695 981 2777 pacis
995 2706 1107 2776 repeto.
1132 2696 1256 2771 scilicet,

192 2783 260 2862 quia
276 2801 336 2843 non
352 2783 436 2845 aliter
456 2784 524 2845 salvi
539 2783 668 2862 satisque
688 2784 743 2844 tuti
758 2784 789 2843 in
806 2782 930 2861 Imperio
952 2781 1047 2857 eritis,
1071 2782 1128 2843 nisi
1144 2781 1257 2843 Vettius
1282 2791 1314 2840 30

191 2867 297 2929 Picens
314 2878 343 2930 et
365 2869 459 2929 scriba
476 2869 628 2931 Cornelius
650 2869 742 2931 aliena
758 2869 834 2930 hene
855 2875 953 2948 parata
968 2867 1176 2947 prodegerInt;
1200 2867 1259 2928 uisi

191 2954 386 3033 adprobaritis
403 2973 506 3016 omnes
521 2954 767 3035 proscriptionem
784 2954 973 3014 innoonrum
988 2950 1026 3012 ob
1042 2951 1170 3027 divitias,
1188 2969 1259 3012 cru·

190 3039 282 3100 ciatus
304 3040 432 3100 vlrorum
446 3040 626 3109 InlustrIum,
642 3048 748 3101 vastam
765 3039 869 3099 urbem
884 3040 952 3116 luga
969 3044 999 3099 et
1013 3036 1159 3108 caedibus,
1179 3037 1258 3098 hona

190 3124 294 3184 civium
317 3126 491 3186 miserorum
516 3126 598 3205 quasi
621 3125 793 3186 CImbricam
818 3124 1085 3204 praedam'venum
1107 3131 1157 3183 aut
1178 3121 1258 3182 dunc

147 3216 174 3266 18
193 3209 296 3269 datam.
340 3218 369 3270 at
384 3209 509 3271 obiectat
531 3209 601 3271 milri
625 3210 828 3289 possessiones
851 3226 884 3268 ex
900 3207 986 3269 bonis
1002 3208 1255 3288 proscriptorum
1281 3215 1313 3267 35

191 3293 270 3372 quod
286 3294 404 3373 quidem
420 3294 563 3356 scelerum
586 3295 664 3356 illius
683 3295 726 3354 vel
749 3309 916 3354 maxumum
938 3302 998 3367 est,
1022 3312 1082 3353 non
1096 3311 1144 3354 me
1160 3310 1258 3370 neque

190 3396 366 3458 quemquam
382 3380 513 3439 omnium
536 3380 604 3441 satis
625 3388 721 3440 tutum
737 3379 844 3451 luisse,
870 3376 895 3436 si
910 3388 990 3438 recte
1004 3377 1176 3439 laceremus.
1213 3384 1259 3437 at-

190 3483 247 3543 que
262 3464 325 3538 illa,
349 3475 501 3543 quactum
517 3465 673 3526 formidine
689 3472 833 3525 mercatus
848 3479 914 3524 sum
930 3461 1047 3540 [pretio]
1063 3464 1159 3523 soluto
1181 3461 1256 3536 lure,

190 3549 317 3610 dominis
331 3557 427 3611 tamen
444 3549 578 3625 restituo,
598 3568 696 3629 neque
710 3549 769 3629 pati
786 3547 942 3610 consilium
966 3554 1011 3606 est
1025 3546 1114 3607 ullam
1136 3565 1170 3607 ex
1187 3547 1259 3609 civi·

256 3758 271 3807 3
290 3753 391 3805 humani
410 3751 509 3818 generis
529 3752 654 3817 mettius,
679 3749 781 3802 humani
799 3749 831 3815 V,
855 3748 986 3800 hominum
1003 3765 1018 3797 z
1036 3746 1143 3813 Aldusfl
1159 3751 1185 3798 l'l
1209 3748 1258 3799 im-

139 3839 142 3845 ’
188 3822 251 3888 perii
269 3823 411 3873 Mommsen
428 3818 601 3886 liechtsfraga
616 3838 643 3887 p.
661 3819 695 3873 33
708 3816 717 3886 ΙΙ
729 3820 760 3870 tt
780 3832 874 3868 atusus
894 3816 921 3882 (d
938 3819 1015 3879 eras.)
1034 3813 1079 3883 Vll
1093 3818 1123 3867 37
1142 3813 1258 3875 fortasse

187 3890 259 3957 atqui
273 3890 282 3957 ΙΙ
294 3892 325 3944 38
345 3889 426 3957 pretio
443 3888 539 3940 sectasse·
