2692 4350
407 210 449 263 bu
468 208 709 263 comunxrtoun
726 207 897 262 CATILINAE
1147 206 1189 266 29
1285 203 1288 212 ’

123 368 241 447 negotio
263 366 356 446 legem
374 367 493 441 timere,
516 385 583 426 cum
599 385 662 427 eam
677 366 709 427 in
729 366 840 426 maiore
855 362 1043 442 neglegeris?
1065 365 1188 426 atenim
1205 374 1237 426 25

122 455 189 532 quis
204 453 410 532 reprehendet,
434 451 513 530 quod
528 451 559 511 in
574 450 733 530 parricidas
748 451 790 511 rei
803 450 938 528 publicae
950 450 1099 510 decretum
1111 448 1190 512 erit?

121 548 239 617 tempus
268 538 330 599 dies
353 538 487 607 fortuna,
515 536 599 597 cuius
627 535 727 597 lubido
753 535 891 614 gentibus
911 535 1089 595 moderatur.
1131 534 1190 596 illis

122 623 229 684 merito
240 623 352 683 accidet
368 620 511 700 quidquid
522 623 660 681 evenerit.
687 630 817 682 ceterum
832 639 893 695 vos,
909 628 1006 699 patres
1019 620 1190 699 conscripti,
1206 630 1238 680 26

86 721 101 771 5
123 709 192 788 quid
208 709 239 769 in
255 702 327 767 alios
339 707 473 767 statuatis
489 706 681 766 considerate.
707 705 805 766 omnia
819 706 894 766 mala
909 703 1040 784 exempla
1055 723 1090 764 ex
1101 704 1191 765 rebus
1207 716 1237 766 tv

123 794 210 854 bonis
222 802 285 854 orta
297 800 376 852 sunt.
400 791 451 851 sed
463 790 512 851 uhi
524 791 681 870 imperium
693 792 729 852 ad
739 791 858 869 ignaros
869 789 954 867 [eius]
966 798 1016 851 aut
1027 790 1126 850 minus
1137 789 1192 850 bo·
1276 821 1279 826 ·

124 898 179 939 nos
195 878 338 956 pervenit,
353 894 458 936 novom
474 875 546 937 illud
570 875 735 954 exemplum
752 876 788 936 ab
804 875 900 952 dignis
916 883 945 937 et
958 875 1074 936 idoneis
1093 873 1129 936 ad
1144 875 1191 935 in-

123 965 229 1041 dignos
245 971 274 1022 et
289 981 349 1022 non
365 960 488 1022 idoneos
503 961 689 1021 transfertur.
724 960 946 1021 Lacedaemonii
961 959 1081 1021 devictis
1103 959 1191 1020 Athe·
1207 971 1239 1025 28

124 1046 279 1108 niensibus
293 1045 423 1125 triginita
433 1047 511 1106 viros
525 1046 695 1126 inposuere,
712 1046 839 1124 quirem
854 1045 1002 1124 publicam
1018 1063 1121 1105 eorum
1132 1052 1192 1105 tra-

73 1146 103 1195 to
126 1141 248 1192 ctarent.
279 1132 304 1192 ei
320 1131 416 1211 primo
432 1149 557 1211 coepere
572 1149 744 1210 pessumum
759 1149 906 1209 quemque
922 1140 950 1190 et
965 1130 1102 1190 omnibus
1116 1129 1191 1191 invi-
1207 1142 1240 1194 23

124 1235 189 1277 sum
201 1216 399 1277 indemnatum
412 1235 527 1278 necare.
554 1235 587 1277 ee
597 1216 727 1295 populus
738 1216 838 1276 laetari
850 1222 879 1275 et
889 1215 995 1276 merito
1009 1215 1105 1275 dicere
1117 1215 1190 1275 fieri.

61 1324 62 1327 ¹
124 1308 191 1380 post
206 1301 254 1363 ubi
269 1301 408 1381 paulatim
424 1301 540 1362 licentia
557 1302 655 1374 crevit,
672 1301 750 1361 iuxta
766 1300 859 1361 bonos
875 1308 904 1361 et
918 1299 1009 1361 malos
1024 1299 1191 1360 lubidinose
1207 1313 1240 1363 30

124 1388 303 1460 interficere,
327 1395 442 1448 ceteros
456 1395 537 1448 metu
557 1396 684 1447 terrere:
716 1386 753 1447 ita
769 1386 869 1446 civitas
890 1385 1028 1446 servitute
1050 1385 1190 1464 obpressa
1207 1397 1236 1448 31

124 1472 229 1533 stultae
244 1470 370 1533 laetitiae
386 1473 481 1549 gravis
496 1490 607 1550 poenas
622 1471 710 1531 dedit.
737 1481 837 1531 nostra
851 1471 993 1532 memoria
1007 1470 1099 1531 victor
1110 1469 1190 1530 Sulla
1208 1482 1239 1533 32

75 1569 103 1618 15
125 1575 191 1617 cum
207 1557 416 1636 Damasippum
439 1569 467 1617 et
482 1557 554 1617 alios
570 1556 729 1631 eiusmodi,
752 1557 803 1634 qui
818 1557 895 1616 malo
910 1556 953 1616 rei
976 1555 1110 1634 publicae
1126 1574 1192 1615 cre·

122 1650 232 1716 verant,
256 1641 383 1720 iugulari
398 1642 493 1714 iussit,
509 1643 575 1720 quis
591 1661 651 1702 non
668 1644 776 1703 lactum
792 1642 855 1703 eius
870 1638 1026 1704 laudabat?
1055 1640 1192 1701 homines

122 1727 263 1788 scelestes
275 1735 304 1787 et
315 1727 463 1801 factiosos,
475 1728 525 1805 qui
533 1727 727 1789 seditionibus
739 1727 957 1806 rempublicam
969 1726 1191 1804 exagitaverant,

122 1813 227 1872 merito
250 1821 369 1872 necatos
391 1813 516 1873 aiebant.
553 1812 603 1872 sed
620 1830 652 1872 ea
674 1831 722 1873 res
737 1831 860 1891 magnae
875 1813 992 1873 initium
1015 1811 1104 1872 cladis
1124 1811 1191 1870 luit.
1208 1824 1239 1873 33

124 1915 191 1956 nam
207 1897 251 1955 uti
267 1897 394 1974 quisque
412 1896 530 1956 domum
547 1905 597 1956 aut
610 1896 719 1969 villam,
741 1906 890 1974 postremo
906 1915 954 1956 vas
970 1905 1019 1957 aut
1035 1897 1193 1957 vestimen-

71 1991 102 2041 23
123 1989 186 2040 tum
203 1981 327 2040 alicuius
343 1981 560 2058 concupiverat,
581 1980 667 2041 dabat
680 1999 798 2059 operam
816 1990 849 2041 ut
862 1982 887 2041 is
903 1982 933 2042 in
955 1981 1193 2060 proscriptorum

124 2081 248 2124 numere
265 2071 351 2124 esset.
394 2065 432 2124 ita
448 2064 506 2139 illi,
529 2064 635 2142 quibus
651 2065 819 2144 Damasippi
839 2084 920 2126 mors
942 2065 1067 2126 laetitiae
1087 2067 1192 2141 luerat,
1208 2079 1239 2129 34

124 2150 212 2227 paulo
224 2160 292 2227 post
305 2147 362 2227 ipsi
372 2149 571 2223 trahebantur,
588 2167 684 2228 neque
696 2149 779 2229 prius
794 2151 860 2210 linis
871 2150 1023 2229 iugulandi
1038 2149 1094 2211 luit
1104 2170 1192 2229 quam

69 2308 71 2313 λ
124 2232 206 2294 Sulla
219 2233 314 2293 omnis
326 2252 396 2294 suos
408 2233 513 2295 divitiis
523 2235 658 2313 explevit.
681 2243 769 2314 atque
781 2254 835 2315 ego
846 2236 919 2296 haec
931 2254 991 2296 non
1003 2236 1033 2297 in
1045 2235 1083 2296 M.
1095 2235 1192 2296 Tullio
1209 2249 1240 2299 35

125 2337 222 2396 neque
238 2311 283 2380 his
298 2319 615 2398 temporibusvereor,
635 2322 685 2382 sed
701 2321 732 2380 in
747 2339 852 2399 magna
868 2321 981 2382 civitate
996 2320 1085 2381 multa
1102 2329 1130 2381 et
1144 2341 1193 2383 va-

71 2413 101 2463 25
123 2403 166 2464 ria
181 2403 299 2482 ingenia
315 2413 395 2465 sunt.
425 2413 524 2483 potest
537 2406 594 2466 alio
609 2415 743 2485 tempore
759 2407 815 2466 alio
832 2406 970 2477 consule,
994 2407 1042 2466 cui
1057 2407 1126 2467 item
1143 2426 1194 2467 ex·
1210 2418 1239 2469 36

123 2488 232 2549 ercitus
248 2489 278 2549 in
295 2489 454 2561 manusb,
478 2491 582 2552 falsum
599 2491 709 2570 aliquid
725 2510 779 2570 pro
796 2511 864 2553 vero
880 2492 976 2552 credi:
1000 2491 1049 2551 ubi
1065 2492 1122 2551 boc
1143 2511 1194 2552 ex·

122 2575 220 2653 emplo
244 2593 299 2653 per
321 2582 441 2636 senatus
457 2576 607 2636 decretum
626 2575 731 2637 consul
747 2577 874 2654 gladium
890 2576 1038 2650 eduxerit,
1063 2577 1129 2656 quis
1151 2577 1194 2638 illi

121 2660 211 2719 tinem
226 2667 333 2720 statuet
347 2669 398 2720 aut
413 2660 478 2739 quis
492 2660 713 2723 moderabitur?
734 2663 861 2723 maiores
873 2662 982 2732 nostri,
999 2669 1097 2740 patres
1119 2681 1192 2724 con·
1209 2675 1238 2724 37

123 2744 242 2823 scripti,
268 2763 366 2823 neque
381 2744 487 2806 consili
510 2765 607 2825 neque
629 2747 765 2809 audaciae
787 2766 925 2825 umquam
950 2765 1072 2825 eguere,
1095 2767 1192 2827 neque

71 2835 103 2885 3ο
123 2826 181 2887 illis
196 2829 334 2908 superbia
350 2829 556 2907 obstabatque
572 2832 672 2891 minus
687 2831 781 2891 aliena
796 2831 939 2897 instituta,
955 2831 979 2890 si
995 2832 1083 2890 modo
1099 2832 1192 2910 proba

125 2921 216 2985 erant,
239 2913 433 2974 imitarentur.
465 2932 542 2975 arma
558 2923 645 2992 atque
660 2916 717 2975 tela
732 2915 867 2976 militaria
882 2916 917 2975 ab
933 2914 1123 2990 Samnitibus,
1146 2916 1192 2974 in·
1208 2927 1239 2979 38

125 2996 219 3072 signia
234 2999 454 3074 magistratuum
470 2998 505 3059 ab
521 2999 626 3059 Tuscis
641 2998 783 3078 pleraque
805 3008 1005 3077 sumpserunt.
1043 3008 1192 3077 postremo

125 3080 203 3158 quod
215 3081 325 3160 ubique
336 3084 415 3163 apud
430 3083 527 3144 socios
538 3093 588 3144 aut
598 3084 691 3144 bostis
702 3084 843 3144 idoneum
854 3084 1014 3159 videbatur,
1031 3103 1098 3144 cum
1110 3104 1192 3146 sum-

123 3183 172 3223 mo
188 3165 284 3226 studio
297 3167 375 3229 domi
390 3168 621 3248 exequebantur,
637 3169 743 3229 imitari
761 3187 848 3247 quam
860 3169 990 3229 invidere
1005 3170 1092 3231 honis
1102 3171 1192 3233 male-

70 3260 102 3310 35
124 3249 204 3310 bant.
242 3250 292 3310 sed
308 3254 410 3314 eodem
433 3254 484 3314 illo
500 3263 632 3334 tempore
656 3253 793 3316 Graeciae
807 3272 920 3316 morem
942 3254 1046 3316 imitati
1061 3256 1190 3319 verberi·
1207 3267 1238 3318 33

194 3405 205 3451 1
227 3399 369 3465 neglegetis
381 3402 425 3454 PC
440 3406 561 3468 (uocet),
579 3404 720 3469 neglexeris
733 3405 762 3456 V
760 3405 780 3456 C
791 3403 801 3470 l
813 3407 827 3456 2
846 3405 894 3456 erit
912 3423 946 3456 eor
964 3410 1018 3456 erat
1029 3407 1053 3457 P
1063 3405 1072 3472 ΙΙ
1085 3407 1100 3458 6
1118 3406 1193 3458 bonis

123 3468 198 3532 PVC,
209 3468 355 3520 domesticis
363 3469 384 3519 C
391 3471 534 3522 deteriores
548 3471 557 3539 ll
568 3472 691 3538 ignaros*
702 3493 714 3518 a
724 3493 737 3519 a
747 3493 759 3518 ι
768 3473 832 3537 (eius
842 3475 920 3536 eras.)
930 3477 957 3537 P,
965 3474 1066 3540 ignaros
1079 3474 1133 3525 eius
1140 3474 1168 3524 V
1167 3473 1193 3538 0,

123 3536 226 3601 ignaros
238 3537 355 3601 (ignauos
365 3541 443 3600 unus)
457 3540 526 3591 ciues
535 3541 614 3604 (ciues
624 3543 653 3590 in
663 3556 715 3606 mg.
724 3557 757 3593 m.
767 3540 872 3605 2unus)
883 3541 903 3592 C
915 3543 923 3609 ΙΙ
940 3545 968 3593 18
978 3542 1076 3594 initium
1087 3557 1194 3608 magnae

123 3604 204 3656 cladis
215 3605 243 3656 V
250 3605 259 3670 ll
275 3607 305 3656 19
325 3609 368 3656 aut
386 3606 473 3658 uillam
491 3611 568 3660 Pes.
581 3607 593 3686 ll
605 3614 649 3659 aut
660 3615 726 3675 port
740 3609 921 3661 uestimentum
940 3627 1005 3661 eras.
1018 3614 1048 3659 in
1064 3612 1089 3661 P
1099 3608 1108 3677 ΙΙ
1121 3613 1153 3661 20
1171 3611 1193 3662 is

122 3690 143 3750 e.
153 3688 172 3723 s.
183 3672 224 3739 Pl
238 3675 267 3724 21
290 3673 338 3724 luit
357 3674 383 3724 V
392 3674 401 3740 fl
416 3678 447 3727 23
467 3691 525 3727 suas
544 3675 687 3728 diuitias'l’
697 3676 706 3744 ll
719 3682 795 3744 atque
812 3679 876 3730 baec
894 3693 942 3743 ego
954 3679 979 3729 V
991 3676 1045 3756 1124
1064 3679 1143 3730 multa
1159 3696 1194 3729 cc

124 3739 267 3807 1113ΡΙΙ26
287 3757 378 3793 manue
393 3745 415 3806 (s
428 3747 474 3807 er.)
488 3746 511 3794 P
518 3743 528 3812 ll
543 3748 572 3797 et
593 3759 661 3796 arma
679 3751 757 3812 atque
775 3746 826 3797 tela
844 3745 905 3809 (tela
914 3763 949 3797 eac
958 3747 1057 3809 talmI’)
1075 3747 1193 3799 militaria

124 3806 199 3869 PCV,
216 3823 284 3859 arma
303 3809 354 3860 tela
372 3814 449 3876 atque
467 3812 585 3864 militaria
602 3829 636 3863 aar
650 3812 733 3863 datto
748 3813 802 3881 1134
818 3814 885 3865 domi
902 3832 922 3865 s.
934 3831 954 3865 e.
968 3813 1010 3882 Pl
1023 3817 1054 3866 35
1073 3814 1193 3867 Graeciae

121 3888 220 3993 propppr
244 3877 336 3929 imitati
359 3884 420 3944 post
442 3895 550 3947 coepere
569 3885 621 3932 tum
642 3884 677 3947 (p.
695 3882 743 3946 30,
762 3883 790 3946 l)
809 3884 916 3932 traiecit
937 3882 1081 3933 Dddcrlein
1099 3884 1192 3934 Philet.

139 3963 177 4005 ,o
214 3983 219 3994 .
